2938 3900
984 465 1070 508 DE
1118 466 1575 511 SCRIPTORIBUS
1622 468 1845 512 SCOTIS.
2303 476 2387 516 103

640 589 727 640 Pia
770 596 820 639 et
864 590 1081 656 religiosa
1122 591 1370 642 Meditatio
1415 594 1464 641 in
1501 593 1548 644 S.
1587 594 1690 643 Iesu
1734 589 1903 643 Christi
1943 594 2156 651 Crucem,
2198 602 2246 644 et
2281 599 2380 660 ejus

704 678 926 728 Vulnera.

437 764 658 830 Ejusdem
699 765 947 815 Meditatio
988 766 1037 815 in
1079 767 1317 816 Psalmum
1364 767 1802 834 quinquagesimum
1846 769 2064 834 primum,
2113 777 2139 796 “
2162 769 2383 819 Miserere

436 853 543 909 mei,
581 853 710 902 Deus
735 857 774 910 ;”
811 861 860 903 et
891 855 940 902 in
979 854 1218 903 Psalmum
1259 855 1560 905 centefimum
1597 857 1863 914 secundum,
1906 866 1932 885 ‘⁶
1957 858 2172 914 Domine,
2213 859 2383 907 exaudi

440 942 703 990 orationem
747 959 903 990 meam
918 946 956 999 ;”
997 942 1202 1007 ejusdem
1242 943 1468 992 Divinum
1505 945 1724 993 Officium
1761 946 1819 993 de
1855 945 2173 995 Sacrosanctis
2219 946 2277 994 D.
2324 946 2380 994 N.

442 1028 546 1077 Iesu
586 1030 754 1079 Christi
794 1030 988 1095 Plagis;
1031 1031 1201 1080 excusa
1233 1030 1340 1080 sunt
1374 1031 1560 1080 Parifiis
1593 1033 1719 1097 apud
1759 1033 2009 1082 Claudium
2049 1033 2381 1082 Garmontium

441 1133 564 1166 anno
589 1117 782 1166 Domini
806 1120 947 1175 1545,
971 1118 1022 1168 in
1047 1121 1122 1175 16,
1147 1135 1242 1182 quo
1263 1125 1478 1183 tempore
1501 1120 1671 1169 claruit
1694 1121 1777 1169 sub
1800 1121 1954 1170 Maria
1975 1121 2150 1185 regina.

1006 1315 1094 1363 DE
1128 1314 1529 1363 ALEXANDRO
1565 1315 1807 1364 ALESIO.

437 1468 758 1515 ALEXANDER
792 1467 1023 1523 ALESIUS,
1065 1483 1238 1532 genere
1277 1474 1326 1516 et
1357 1467 1549 1516 natione
1587 1468 1767 1525 Scotus,
1805 1469 1855 1517 in
1891 1469 2098 1518 Saxonia
2141 1470 2377 1535 Lipfienfis

438 1554 720 1604 Academiae
780 1553 1018 1619 professor,
1066 1562 1114 1604 et
1170 1556 1221 1604 in
1265 1556 1506 1621 theologia
1551 1556 1766 1613 decanus,
1818 1558 1878 1605 ab
1925 1557 2221 1606 incunabulis
2265 1575 2378 1607 cura

437 1648 689 1706 parentum
728 1641 778 1689 in
822 1641 994 1690 timore
1035 1642 1126 1690 Dei
1165 1643 1405 1699 educatus,
1428 1674 1430 1676 v
1452 1643 1802 1708 quamprimum
1846 1661 1996 1694 annos
2039 1645 2376 1696 adolescentiae

437 1729 705 1794 attingeret,
753 1730 987 1778 bonarum
1031 1730 1278 1778 literarum
1320 1729 1562 1794 omnisque
1598 1729 1789 1780 virtutis
1840 1732 2052 1781 strenuus
2098 1733 2263 1789 cultor,
2305 1733 2377 1782 vir

439 1820 563 1867 bono
610 1818 800 1883 ingenio
852 1824 902 1866 et
946 1817 1246 1867 scientiarum
1284 1818 1436 1874 avido,
1481 1819 1607 1867 unde
1646 1820 1900 1868 accedente
1939 1820 2000 1869 ad
2043 1820 2250 1869 indolem
2294 1838 2376 1870 nae

436 1906 642 1955 turalem
674 1905 835 1955 labore
870 1912 919 1954 et
959 1906 1195 1963 industria,
1237 1906 1298 1955 ad
1336 1907 1566 1955 summam
1605 1906 1919 1956 eruditionem
1956 1907 2185 1972 pervenit.
2255 1908 2375 1958 Cum

434 2000 607 2049 autem,
655 1993 894 2042 transatsto
929 1993 1188 2042 studiorum
1232 1993 1423 2043 suorum
1463 1994 1710 2051 curriculo,
1756 1995 1826 2043 sui
1861 1995 1984 2060 juris
2029 1994 2154 2052 effet,
2201 2003 2256 2044 ut
2300 1997 2376 2045 cui

435 2082 578 2131 vellet
594 2080 825 2130 ‘scientiae
859 2081 905 2130 se
936 2082 1174 2146 applicare
1210 2080 1371 2146 posset,
1411 2080 1691 2146 theologicis
1728 2081 1890 2131 studiis
1926 2082 2132 2131 naturali
2172 2083 2375 2146 quadam

436 2168 739 2234 propenfione
787 2168 987 2226 dedituS‚
1039 2169 1276 2221 sacrarum
1328 2169 1574 2218 literarum
1618 2168 1813 2218 lectioni
1865 2169 2096 2234 imprimis
2148 2169 2374 2218 incubuit.

437 2258 620 2307 Literas
662 2257 968 2306 humaniores
1006 2263 1055 2305 et
1101 2273 1263 2306 omnes
1298 2256 1516 2306 liberales
1559 2262 1687 2305 artes
1721 2262 1963 2322 utcunque
2000 2256 2168 2313 tenuit,
2208 2257 2377 2306 melius

436 2344 780 2411 philosophicas
824 2343 1052 2401 scientiaS,
1099 2344 1390 2409 theologicas
1434 2350 1596 2393 autem
1639 2350 1689 2392 et
1735 2342 2073 2394 accuratiffime
2119 2344 2282 2395 didicit
2327 2352 2375 2393 et

435 2431 672 2483 utiliffime
734 2432 907 2481 docuit.
1010 2432 1118 2481 Non
1174 2433 1303 2483 enim
1359 2432 1509 2481 solum
1569 2431 1621 2480 in
1671 2431 1910 2497 theologia
1964 2431 2240 2490 scholastica,
2296 2433 2375 2481 sed

436 2520 581 2570 etiam
628 2520 679 2568 in
724 2519 932 2584 antiquis
975 2520 1203 2584 patribus,
1248 2521 1299 2569 in
1343 2520 1508 2586 primis
1553 2517 1772 2568 ecclefiae
1818 2519 2104 2575 doctoribus,
2142 2519 2194 2568 in
2238 2536 2375 2570 oecu-

436 2607 631 2656 menicis
667 2606 888 2664 conciliis,
923 2614 972 2656 et
1006 2607 1057 2656 in
1085 2607 1227 2657 sacris
1258 2608 1461 2671 denique
1497 2606 1765 2670 Scripturis,
1793 2605 1928 2655 valde
1951 2605 2042 2655 fuit
2073 2606 2372 2657 exercitatus.

436 2694 610 2744 Merito
656 2709 769 2757 ergo
816 2693 867 2741 in
912 2694 1053 2758 hujus
1096 2694 1187 2742 viri
1230 2694 1394 2743 laudes
1432 2693 1642 2765 insurgit,
1679 2700 1734 2742 ut
1758 2694 1890 2743 “alios
1933 2700 2129 2752 taceam,
2171 2696 2370 2746 Baleus:

438 2782 515 2832 cui
554 2781 699 2830 etiam
743 2781 1005 2830 trafibatum
1049 2780 1184 2830 suum
1228 2781 1287 2830 de
1333 2781 1652 2846 Scriptoribus
1691 2781 1844 2831 Scotis
1884 2782 2083 2832 dedicat.
2174 2784 2260 2832 Vir
2303 2786 2373 2834 in-

435 2868 575 2935 genio
621 2867 814 2924 subtilis,
860 2867 1048 2933 eloquio
1092 2867 1398 2926 scholasticuS,
1436 2869 1518 2933 qui
1564 2870 1692 2934 quod
1735 2869 1859 2918 male
1909 2869 1953 2918 ei
1997 2886 2105 2918 cum
2150 2871 2373 2936 episcopis

436 2954 723 3010 conveniret,
754 2953 1035 3003 remotiores
1071 2954 1336 3018 provincias
1371 2954 1501 3003 adire
1547 2955 1856 3004 decreverat:
1907 2963 1933 2982 ‘⁶
1948 2956 2072 3005 ferre
2109 2957 2371 3016 nimirum,”

438 3042 592 3107 inquit
622 3035 809 3097 Baleus,
844 3047 870 3068 “
885 3056 981 3089 non
1016 3047 1205 3105 poterat
1242 3040 1428 3089 animus
1458 3041 1715 3090 admodum
1746 3042 2047 3100 ChristianuS‚
2079 3044 2370 3096 manifestata

442 3127 673 3194 evangelii
716 3128 834 3184 luce,
880 3127 1005 3176 viam
1049 3127 1110 3176 ad
1146 3127 1238 3177 Dei
1280 3143 1481 3192 regnum
1526 3129 1884 3179 Pharisaeorum
1924 3136 1973 3179 et
2016 3131 2370 3196 hypocritarum

444 3216 723 3267 stercoribus
749 3215 935 3273 obstrui,
967 3222 1052 3264 aut
1081 3216 1322 3280 populum,
1351 3216 1640 3266 immaculati
1666 3217 1777 3283 agni
1808 3217 2031 3283 sanguine
2061 3219 2371 3286 redemptum,

442 3305 526 3354 sub
567 3302 804 3360 evacuatis
842 3304 1118 3352 umbrarum
1154 3303 1378 3368 legalium
1412 3303 1587 3369 figuriS,
1627 3305 1688 3353 ad
1723 3305 1988 3355 animarum
2024 3321 2187 3356 eorum
2222 3310 2378 3373 perni-
