2938 3900
1032 449 1120 492 DE
1171 449 1633 495 SCRIPTORIBUS
1677 451 1902 495 SCOTIS.
2386 461 2440 506 91

707 572 959 623 Orationes
979 574 1153 639 plures,

512 661 576 709 Et
609 659 703 709 alia
734 661 899 718 multa,
935 679 1056 727 quae
1090 662 1263 727 injuria
1294 662 1523 727 temporis
1542 664 1799 728 perierunt.
1869 664 2052 714 Claruit
2085 681 2210 715 anno
2244 682 2274 715 a
2305 674 2446 732 partu

507 747 722 814 Virginis
747 751 891 806 1480,
914 749 999 799 sub
1023 750 1206 800 Jacobo
1229 750 1389 799 Tertio
1413 750 1663 800 Scotorum
1685 751 1826 817 rege.⁴

1040 948 1128 998 DE
1163 949 1525 998 BERNARDO
1559 947 1909 998 GORDONIO.

507 1101 824 1151 BERNARDUS
868 1101 1182 1160 Gonnomus,
1234 1102 1443 1152 summus
1496 1100 1799 1166 philosophus
1843 1107 1892 1151 et
1936 1102 2146 1152 medicus
2206 1104 2452 1161 excellens

506 1188 697 1238 natione
731 1205 844 1238 vero
878 1189 1059 1247 Scotus‚
1098 1206 1159 1239 ex
1193 1189 1390 1254 antiqua
1424 1196 1473 1239 et
1505 1187 1653 1237 nobili
1686 1187 2036 1238 Gordoniorum
2069 1190 2248 1240 familia
2281 1191 2330 1239 in
2347 1192 2454 1240 =Su-

505 1276 774 1325 therlandia
810 1283 963 1333 natus
1003 1294 1033 1326 a
1065 1277 1243 1326 teneris
1275 1276 1411 1326 annis
1442 1275 1580 1325 bonis
1615 1275 1767 1324 literis
1799 1282 2009 1324 mentem
2044 1278 2290 1327 excolendi
2325 1280 2455 1344 cupi-

506 1361 731 1420 diffimus,
773 1364 1074 1413 Aberdoniae
1113 1364 1175 1413 ad
1216 1370 1405 1428 tempus
1443 1362 1601 1411 sedem
1641 1361 1747 1410 fixit
1782 1362 2085 1433 *studiorum;
2131 1365 2215 1414 ubi
2253 1366 2333 1414 vix
2372 1367 2454 1415 diu

502 1457 727 1508 moratuS,
762 1450 994 1515 imprimis
1028 1450 1321 1499 humanioris
1356 1449 1631 1499 literaturae
1669 1448 1900 1498 summam
1935 1450 2177 1514 acquifivit
2219 1453 2451 1517 peritiam,

503 1537 674 1587 deinde
708 1537 759 1586 in
794 1538 973 1587 Gallias
1004 1538 1248 1603 profectus
1288 1537 1649 1587 mathematicas
1683 1535 1900 1586 scientias
1933 1553 2216 1603 omnemque
2255 1540 2454 1604 philoso-

502 1625 665 1689 phiam
688 1625 916 1675 laboriose
951 1626 1128 1675 didicit.
1200 1626 1410 1674 Tandem
1443 1625 1505 1674 ad
1537 1623 1821 1674 medicinam
1853 1624 2066 1674 animum
2099 1626 2283 1690 adjecit,
2327 1630 2453 1691 quod

502 1712 629 1763 felici
658 1712 863 1762 succefl'u
900 1713 946 1762 ei
985 1720 1194 1764 verterat
1225 1714 1389 1763 Deus:
1432 1712 1590 1777 postea
1625 1711 1803 1760 etenim
1839 1711 1901 1760 ad
1935 1712 2192 1761 studiorum
2230 1730 2452 1779 augmen-

501 1807 607 1848 tum
650 1800 933 1850 celebriores
977 1800 1125 1850 totius
1162 1799 1446 1850 Germaniae
1485 1797 1749 1848 academias
1792 1798 1944 1863 petiit,
1984 1805 2144 1849 tantos
2187 1800 2357 1850 exinde
2402 1803 2451 1851 in

501 1887 663 1936 studiis
716 1888 829 1937 fecit
872 1887 1152 1954 progrefl'us,
1197 1895 1253 1938 ut
1296 1886 1496 1953 publicis
1551 1885 1818 1935 academiae
1874 1884 2103 1950 suffragiis
2158 1887 2449 1937 dofi'coralem

501 1975 703 2040 gradum
746 1976 994 2040 acceperit.
1090 1977 1198 2034 Quo
1233 1975 1493 2025 honorifico
1528 1973 1671 2021 titulo
1710 1971 1966 2038 infignitus,
2006 1973 2265 2023 ferventius
2307 1992 2450 2039 quam

502 2059 633 2124 prius
677 2060 728 2108 in
771 2061 1102 2126 investigandis
1144 2061 1420 2110 morborum
1469 2059 1691 2109 remediis
1741 2060 1987 2117 laboravit,
2034 2067 2239 2118 naturaS,
2286 2078 2450 2126 opera-

502 2147 668 2204 tiones,
704 2148 903 2197 effefitus
936 2149 1206 2205 herbarum,
1240 2148 1467 2205 radicum,
1502 2147 1687 2204 florum,
1723 2153 1771 2196 et
1813 2147 2072 2205 frufi’cuum,
2105 2147 2448 2213 diligentiffime

501 2236 756 2301 indagavit.
846 2237 1053 2286 Demum
1090 2237 1170 2285 hic
1207 2252 1430 2285 numeros
1472 2234 1734 2284 medicinae
1774 2234 2055 2300 impleverat
2099 2251 2276 2293 omnes,
2323 2238 2448 2285 unde

501 2324 634 2372 rec'ce
691 2340 752 2371 ex
802 2330 946 2388 poeta
1000 2324 1184 2373 Graeco
1243 2323 1331 2371 hos
1389 2322 1552 2372 laudat
1613 2321 1843 2371 Horatius
1896 2329 2039 2387 poeta
2095 2322 2280 2388 lyricus,
2337 2341 2447 2373 nam

500 2410 733 2460 Omnibus
772 2412 838 2461 est
875 2411 980 2461 aliis
1011 2411 1222 2461 medicus
1254 2410 1563 2476 praestantior
1597 2426 1752 2467 unus;
1792 2409 2012 2474 peritum,
2050 2409 2236 2467 scilicet,
2271 2411 2443 2460 intelli·
2528 2475 2530 2477 .

499 2513 616 2561 gens
648 2498 898 2547 medicum.
966 2498 1054 2547 Vir
1093 2505 1196 2548 erat
1234 2498 1313 2547 hic
1347 2497 1619 2546 Bernardus
1654 2503 1703 2546 et
1742 2513 1931 2546 morum
1968 2497 2197 2546 suavitate
2234 2505 2283 2546 et
2316 2499 2445 2547 liter-

501 2600 638 2632 arum
693 2585 868 2634 eximia
923 2585 1188 2635 eruditione
1249 2583 1535 2642 clarissimus,
1591 2584 1811 2651 singulari
1869 2601 1982 2649 erga
2037 2586 2193 2634 Deum
2248 2586 2438 2650 pietate,

500 2671 847 2736 praestantique
902 2688 1016 2736 erga
1062 2672 1278 2721 homines
1328 2672 1624 2721 humanitate
1658 2690 1671 2730 ;
1732 2670 2010 2737 acceffitque
2062 2673 2123 2721 ad
2177 2674 2441 2737 praeclaras

500 2764 701 2808 naturae
747 2759 882 2808 dotes
923 2766 1024 2808 tam
1069 2759 1268 2824 diligens
1311 2757 1488 2822 ingenii
1532 2759 1731 2816 cultura,
1789 2765 1844 2808 ut
1888 2759 1932 2807 ei
1976 2775 2114 2823 pares
2157 2759 2240 2809 illa
2281 2767 2437 2809 aetate

500 2861 772 2909 perpaucOS,
829 2845 1117 2911 superiorem
1171 2845 1253 2895 vix
1308 2862 1591 2910 quenquam,
1649 2845 1898 2894 Britannia
1950 2846 2214 2910 protulerit.
2312 2848 2437 2895 Acer

500 2933 703 2998 ingeni0‚
759 2934 932 2983 solidus
984 2934 1178 2999 judicic,
1214 2934 1389 2983 clarus
1444 2933 1644 2998 eloquio,
1706 2933 1913 2998 prudens
1967 2931 2171 2989 confilio,
2234 2933 2435 2997 denique

501 3021 664 3086 lingua
699 3029 959 3087 promptus,
1000 3029 1051 3071 et
1089 3021 1438 3071 conversatione
1485 3021 1695 3069 devotus.
1785 3018 1970 3083 Ingenii
2016 3018 2086 3068 sui
2129 3028 2435 3070 monumenta

500 3111 743 3175 praeclara
764 3111 1024 3176 posteritati
1044 3110 1250 3175 reliquit,
1273 3110 1399 3158 inter
1421 3123 1542 3174 quae
1562 3107 1680 3156 haec
1702 3105 1912 3171 subje6ta
1932 3114 2242 3157 numerantur
2265 3126 2275 3155 :

698 3197 931 3255 Pmfifica,
955 3197 1086 3247 di&
1106 3197 1291 3252 Lssium,
1314 3195 1394 3244 lib.

701 3286 951 3337 Trafi’catus
974 3286 1032 3336 de
1055 3285 1218 3335 decem
1240 3282 1449 3350 Ingeniis
1469 3282 1798 3333 curandorum
1819 3281 2108 3333 Morborum.
