2938 3900
614 457 699 497 loo
1159 451 1244 494 DE
1291 449 1747 493 SCRIPTORIBUS
1793 448 2015 491 SCOTIS.

618 577 807 627 heroica
845 575 1135 642 philosophia
1170 575 1218 623 in
1254 572 1494 623 censendis
1532 580 1583 621 et
1617 570 1946 621 distribuendis
1983 570 2214 620 nobilium
2253 569 2429 634 clypeis
2470 569 2551 617 ad·

618 663 811 713 modum
846 668 1073 726 occupata
1110 659 1187 708 est.
1260 658 1414 707 David
1449 658 1601 723 igitur
1633 659 1711 708 hic
1749 675 1859 708 cum
1897 658 2064 708 aulicis
2101 658 2333 714 omnibus,
2368 656 2465 705 imo
2502 663 2550 704 et

620 750 715 816 ipso
759 765 870 814 rege
906 748 1086 797 Jacobo
1125 745 1317 804 Quinto,
1358 746 1419 793 ob
1458 744 1634 810 ingenii
1673 745 1791 795 varii
1831 745 1978 801 doteS,
2019 760 2114 794 non
2149 745 2394 810 vulgarem
2439 759 2549 793 con-

617 837 763 886 traxit
812 833 1066 886 amicitiam
1122 839 1171 882 et
1226 830 1629 881 familiaritatem:
1687 832 1797 880 hinc
1848 848 1879 881 a
1923 848 2035 897 rege
2080 846 2322 881 armorum
2365 847 2451 880 rex
2496 838 2550 879 et

617 939 759 987 eques
803 923 861 971 de
901 921 1036 970 Mont
1080 926 1297 976 creatur;
1342 918 1469 984 quod
1508 918 1698 983 quidem
1736 935 1908 967 munus
1946 918 2065 967 adeo
2102 917 2217 968 scite
2256 925 2307 968 et
2346 918 2551 982 pruden-

618 1019 690 1059 ter
724 1009 881 1075 postea
914 1007 1087 1064 obibat,
1134 1005 1361 1055 nobilium
1406 1012 1455 1054 et
1499 1005 1791 1070 plebeiorum
1843 1003 2025 1053 summo
2069 1003 2306 1069 applausu,
2352 1011 2407 1053 ut
2453 1020 2548 1052 non

616 1095 857 1144 minimam
895 1093 1083 1143 laudem
1118 1092 1228 1142 inde
1262 1090 1572 1157 acquisiverit.
1640 1092 1726 1140 Vir
1770 1099 1873 1142 erat
1917 1091 2061 1156 lepidi
2097 1099 2147 1140 et
2183 1090 2325 1141 faceti
2360 1091 2550 1157 ingenii,

608 1182 787 1247 judicio
822 1190 982 1230 tamen
1022 1179 1204 1235 soliduS,
1244 1178 1393 1228 mirae
1431 1178 1727 1235 urbanitati&
1767 1179 1955 1228 confilio
1994 1177 2299 1228 nihilominus
2343 1178 2552 1243 prudens

617 1279 665 1319 et
700 1270 840 1319 corde
882 1268 999 1333 pius,
1044 1267 1268 1317 sermonis
1311 1265 1460 1331 politi,
1496 1266 1685 1331 linguae
1721 1266 1983 1332 expeditae,
2024 1264 2409 1316 eminentissimae
2449 1273 2549 1315 tam

619 1359 667 1406 in
706 1356 845 1406 sacris
883 1372 1025 1420 quam
1064 1355 1113 1403 in
1151 1353 1358 1419 profanis
1392 1353 1542 1402 literis
1576 1353 1810 1404 scientiae.
1878 1354 2044 1403 Poefin
2081 1354 2334 1419 praecipue
2374 1353 2549 1410 coluit;

620 1444 756 1501 unde,
804 1444 916 1491 dum
962 1441 1121 1491 studiis
1163 1441 1415 1505 aliquando
1459 1448 1663 1497 vacaret,
1716 1440 1975 1505 composuit
2031 1441 2158 1491 inter
2202 1448 2403 1498 caetera,
2452 1442 2552 1490 vul-

618 1530 720 1594 gari
745 1528 966 1585 sermone,

816 1615 1002 1664 Pfittaci
1037 1614 1393 1671 Testamentum,
1417 1615 1496 1664 lib.

814 1703 940 1751 Aeta
965 1700 1034 1750 sui
1058 1701 1311 1765 Temporis,
1336 1701 1414 1751 lib.

815 1790 888 1837 De
910 1787 1077 1837 Mundi
1099 1788 1310 1845 Miseriis‚
1334 1788 1413 1837 lib.

782 1911 793 1922 .
815 1876 1159 1924 Testamentum
1183 1875 1446 1925 Cardinalis
1469 1876 1653 1926 Betoni.

813 1963 1064 2012 Certamen
1086 1962 1212 2011 inter
1231 1963 1266 2011 J
1265 1964 1465 2012 acobum
1487 1963 1746 2013 Vatsonum
1767 1972 1816 2014 et
1837 1966 1870 2013 J
1872 1981 2073 2014 oannem
2096 1964 2360 2015 Tonsorem.

814 2049 1058 2098 Somnium
1081 2049 1275 2098 Davidis
1297 2050 1510 2107 Lindefii,
1534 2052 1595 2100 ad
1618 2052 1801 2118 Regem
1821 2053 2056 2103 ,Iacobum
2079 2052 2324 2112 Quintum.

814 2135 1204 2186 Exhortationem
1226 2137 1288 2185 ad
1310 2138 1512 2187 eundem
1534 2139 1729 2205 Regem.

814 2222 1198 2287 Deplorationem
1220 2223 1390 2273 Mortis
1413 2224 1624 2291 Reginae
1647 2227 1969 2292 Magdalenae.

816 2309 1187 2374 Descriptionem
1209 2310 1427 2367 Paradifi,
1452 2318 1501 2360 et
1522 2312 1617 2361 alia
1638 2312 1783 2362 etiam
1805 2313 2061 2362 contexuit.

618 2394 800 2444 Claruit
821 2411 945 2444 anno
967 2395 1208 2460 postquam
1231 2396 1442 2446 Verbum
1464 2414 1575 2447 caro
1596 2399 1777 2448 factum
1800 2399 1865 2448 est
1890 2400 2033 2455 1540,
2056 2398 2141 2449 sub
2162 2398 2344 2448 «Iacobo
2368 2399 2546 2459 Quinto

617 2482 877 2532 Scotorum.

1161 2679 1248 2727 DE
1281 2680 1679 2732 ALEXANDRO
1712 2681 1996 2731 SETONIO.

614 2833 934 2881 Amanum
970 2832 1233 2889 Summus,
1269 2833 1519 2900 theologus
1557 2834 1757 2900 infignis,
1797 2835 1956 2884 Caroli
1994 2832 2279 2884 illustriffimi
2317 2835 2545 2885 Sudovol-

617 2919 801 2983 giorum
845 2919 976 2968 ducis
1019 2919 1300 2985 capellanus,
1340 2921 1468 2971 claro
1507 2929 1557 2971 et
1595 2922 1760 2972 inusta-i
1805 2922 2107 2973 Setoniorum
2145 2921 2336 2979 familia,
2376 2922 2546 2972 natali-v

617 3021 789 3071 umque
831 3006 1074 3072 splendore
1113 3007 1341 3064 coruscus,
1379 3025 1552 3075 genere
1591 3017 1640 3059 et
1679 3009 1870 3059 natione
1914 3010 2096 3066 Scotus‚
2140 3009 2322 3059 Jacobo
2362 3008 2542 3067 Quinto

616 3091 863 3143 Scotorum
907 3094 1008 3160 regi
1050 3111 1081 3143 a
1123 3094 1431 3146 conscientiae
1474 3096 1675 3146 secretis.
1775 3097 1893 3146 Erat
1944 3104 2073 3147 certe
2116 3097 2181 3147 ad
2222 3095 2448 3146 virtutem
2493 3102 2541 3144 et

615 3178 760 3228 bonas
795 3179 957 3230 literas
993 3197 1023 3230 a
1060 3188 1231 3231 natura
1273 3183 1382 3247 ipsa,
1420 3183 1523 3234 Deo
1560 3184 1759 3249 auspice,
1803 3185 1959 3235 fastus
1996 3192 2047 3234 et
2082 3185 2324 3233 formatus.
2416 3181 2540 3231 Hinc

615 3270 804 3328 propter
838 3266 1043 3317 indolem
1080 3268 1369 3332 praeclaram
1407 3277 1457 3320 et
1494 3271 1622 3336 spem
1660 3286 1803 3337 quam
1842 3271 1902 3321 de
1931 3287 1990 3320 eo
2028 3278 2342 3336 conceperant
2376 3285 2539 3320 omnes
