2938 3900
561 441 619 488 96
1111 436 1199 481 DE
1230 433 1689 480 SCRIPTORIBUS
1720 432 1946 476 SCOTIS.

563 562 904 614 Aberdonenfis
941 559 1164 627 gymnasii
1200 559 1538 608 institutionem
1576 574 1663 622 per
1702 557 1875 621 scripta
1912 553 2128 620 rogafl'et.
2216 556 2290 604 De
2331 572 2387 604 eo
2432 556 2501 604 ita

564 652 723 702 scribit
778 650 955 700 Paulus
1013 648 1180 697 Jovius
1238 645 1445 695 antistes'
1494 644 1771 699 Nucerinus,
1828 642 1957 706 quod
2010 659 2045 694 a
2103 642 2258 708 pxima
2320 643 2502 708 origine

567 742 815 790 Scotorum
871 752 1037 801 regum
1093 733 1331 782 historiam
1388 730 1555 780 Latine
1600 730 1855 796 diligenter
1897 728 2172 795 perscripsit,
2217 729 2379 795 paffim
2428 747 2504 779 ve-

569 827 683 877 teris
725 822 1095 888 chorographiae
1133 835 1328 875 memor,
1363 824 1413 868 et
1445 817 1718 869 moderatae
1756 816 1991 867 libertatis
2023 816 2254 882 nusquam
2291 819 2469 867 oblitus
2494 838 2503 866 :

568 914 685 963 “ita
722 920 775 961 ut
812 926 1096 975 magnopere
1135 908 1401 963 miremur,”
1437 905 1593 970 inquit
1627 906 1719 962 ille,
1758 913 1785 933 ‘⁶
1799 912 1964 954 extare
2003 904 2064 954 de
2102 905 2298 955 remotis
2331 907 2392 955 ab
2433 923 2507 954 or·

568 1003 627 1050 be
665 999 819 1049 nostro
855 996 1121 1047 Hebridum
1162 1002 1212 1044 et
1251 994 1490 1044 Oreadum
1531 991 1692 1041 insulis
1728 992 1860 1042 mille
1896 992 2101 1057 amplius
2136 1008 2371 1042 annorum
2411 1010 2508 1042 me-

568 1087 778 1143 moriam,
814 1102 960 1150 quum
995 1084 1045 1133 in
1079 1083 1219 1133 Italia
1250 1081 1417 1132 altrioe
1449 1080 1784 1146 ingeniorum,”
1813 1087 1903 1129 etc.
1970 1079 2198 1129 Latomus
2229 1079 2390 1136 etiam,
2426 1080 2510 1129 As·

570 1174 758 1230 censius»,
799 1173 986 1229 Baleus,
1029 1179 1079 1221 et
1122 1170 1203 1220 alii
1247 1170 1336 1218 viri
1382 1168 1568 1224 eruditi,
1609 1168 1749 1233 hujus
1787 1166 1979 1216 Boethii
2013 1167 2268 1232 praeconia
2304 1168 2509 1217 multum

570 1262 843 1316 celebrant;
888 1267 937 1309 et
977 1258 1191 1308 Lessaeus
1228 1257 1355 1307 inter
1392 1256 1487 1306 alia
1524 1256 1677 1306 multa
1708 1255 1768 1306 fic
1806 1255 2052 1321 loquitur:
2104 1255 2220 1320 Ejus
2260 1254 2401 1312 stilus,
2442 1256 2511 1304 in-

573 1350 687 1414 quit,
733 1358 759 1377 “
775 1357 875 1399 tam
918 1348 983 1398 est
1021 1347 1184 1404 tersua
1230 1354 1286 1395 ut
1330 1345 1540 1395 Caesaris
1583 1343 1842 1409 puritatem
1888 1339 2132 1398 decoxifl'e,
2178 1359 2234 1391 ac
2272 1342 2511 1392 rationum

575 1438 920 1501 verborumque
959 1434 1246 1500 ponderibus
1281 1433 1350 1483 ita
1386 1430 1622 1488 nervosus
1663 1436 1718 1480 ut
1750 1428 1995 1480 Livianam
2028 1429 2314 1495 gravitatem
2351 1430 2403 1479 in
2440 1429 2513 1479 su-

575 1540 654 1574 am
676 1531 897 1574 naturam
919 1520 1194 1572 transtuliffe
1216 1519 1406 1584 penitus
1424 1518 1681 1568 videatur.”
1749 1515 1940 1582 Seripfit
1962 1516 2120 1574 etiam,

774 1611 851 1662 Ad
874 1610 1011 1660 suum
1033 1609 1229 1673 Regem,
1253 1606 1534 1671 Catalogum
1556 1605 1744 1657 Scotiae
1766 1605 1968 1670 Regum.

773 1698 847 1747 De
869 1695 1270 1761 Navigationibus.

774 1781 1177 1833 Aberdonenfium
1201 1779 1487 1831 Pontificum
1511 1779 1659 1830 Vitas,

773 1870 1024 1929 Sermones
1045 1876 1095 1918 et
1117 1869 1359 1919 Le&uras.

774 1956 1024 2006 Orationes
1045 1962 1190 2021 atque
1212 1954 1441 2020 Epistolas
1463 1952 1871 2019 eloquentiffimas.

580 2044 643 2094 Et
681 2044 775 2094 alia
808 2044 972 2095 multa.
1041 2043 1225 2094 Claruit
1259 2059 1385 2093 anno
1418 2041 1755 2093 incarnationis
1789 2041 1990 2093 Messiae
2026 2043 2171 2100 1526,
2205 2041 2290 2092 sub
2333 2042 2516 2093 Jacobo

582 2131 760 2190 Quinto
781 2147 910 2196 rege.

1126 2325 1213 2374 DE
1246 2324 1602 2374 GUILIELMO
1636 2324 1988 2375 GREGORIO.

588 2479 908 2529 Gmmmms
951 2477 1262 2535 Gneo-omns,
1303 2475 1534 2528 Albienfis
1576 2475 1798 2527 eeclesiae
1845 2477 2201 2535 coenobiarcha,
2244 2486 2294 2529 et
2338 2479 2520 2530 theolo-

587 2582 675 2631 gus
710 2563 986 2621 Parifienfis,
1018 2579 1192 2630 genere
1225 2570 1276 2613 et
1303 2562 1495 2612 natione
1529 2562 1711 2612 Scottis·
1779 2563 1884 2621 Hie,
1918 2564 2089 2616 relieta
2122 2565 2204 2615 sua
2234 2567 2403 2631 patria,
2427 2565 2522 2618 Ga-

588 2653 702 2703 liam
740 2651 837 2702 sola
872 2651 1085 2701 studendi
1121 2650 1277 2716 gratia
1314 2649 1488 2715 petiit;
1537 2650 1698 2716 ibique
1737 2651 1954 2701 Lutetiae
1995 2652 2283 2703 Parisiorum
2324 2654 2375 2703 in
2415 2655 2524 2706 Col-

591 2739 714 2805 legio
752 2739 931 2789 Montis
969 2738 1114 2788 Acuti
1149 2738 1423 2787 inferiorum
1460 2738 1638 2789 artium
1679 2739 1950 2790 rudimenta
1991 2740 2277 2806 perdidicit3
2334 2759 2430 2808 quo
2473 2743 2524 2792 in

592 2829 696 2878 loeo
741 2827 918 2878 Joanni
958 2826 1127 2892 Majori
1171 2832 1481 2876 conterraneo
1517 2827 1601 2877 suo
1644 2827 1851 2892 primum
1889 2828 2109 2886 innotuit,
2144 2836 2195 2879 et
2239 2846 2336 2896 quo
2380 2830 2525 2881 etiam

593 2914 751 2980 postea
791 2913 1089 2964 familiariter
1132 2912 1387 2962 admodum
1426 2912 1533 2963 usus
1575 2913 1643 2966 est
1678 2920 1730 2962 et
1766 2914 1931 2967 amice.
1999 2915 2125 2966 Cum
2165 2923 2330 2968 autem
2372 2917 2526 2967 Ludo-

595 3000 725 3050 vieus
767 3000 827 3050 de
871 2999 1102 3056 Ambafia,
1147 2998 1220 3047 vir
1262 2998 1491 3053 natalium
1534 2998 1778 3064 splendore
1819 3000 1989 3059 clarus,
2045 3009 2095 3052 et
2150 3003 2429 3055 eruditionis
2469 3019 2526 3053 ae

597 3087 843 3138 doarinae
874 3086 1067 3137 nomine
1099 3086 1310 3143 celebris,
1351 3085 1580 3137 AJbienfis
1611 3087 1757 3137 etiam
1789 3088 2008 3142 eoelefiae
2040 3089 2245 3155 praesul..
2273 3091 2383 3141 fine
2416 3090 2528 3140 civi-

598 3175 711 3225 tatis
752 3181 898 3240 atque
941 3173 1160 3226 dioeeefis
1197 3173 1490 3232 carmelitae,
1529 3191 1648 3239 quos
1686 3175 1822 3229 valde
1856 3175 2100 3231 diflblutos
2140 3184 2355 3235 noverat,
2397 3194 2528 3243 mag-

600 3261 674 3310 nis
712 3260 901 3326 quidem
940 3260 1212 3326 sumptibus,
1249 3276 1514 3327 magnaque
1549 3261 1787 3319 industria,
1828 3262 2018 3317 nimiter
2059 3279 2238 3316 annum
2280 3271 2527 3329 reparatae
