2938 3900
730 295 778 328 ’ἢ

824 357 826 359 ’
970 374 1056 416 DE
1107 375 1562 423 scmp'romssus
1606 380 1829 425 sco'ms.
2306 396 2361 435 43

440 496 652 544 fortunas
687 497 852 569 varias,
887 498 1222 563 Vortigernum
1262 502 1474 559 flammis,
1510 505 1756 554 Aurelium
1795 514 1842 555 et
1878 508 2127 559 Utherium
2169 529 2358 571 veneno,

441 583 706 632 Arthurum
751 585 957 641 vulnere,
1004 587 1251 650 perituros.
1319 588 1412 637 Sed
1452 592 1509 638 de
1554 592 1627 640 his
1669 594 1923 657 prudentes
1958 597 2203 660 judicent:
2246 601 2359 649 haee

439 671 567 718 enim
607 672 765 720 omnia
803 672 896 721 suis
935 690 1132 723 evenere
1172 677 1473 740 temporibus.
1555 679 1698 727 Vates
1744 688 1844 728 erat
1883 683 2109 732 astrorum
2144 686 2354 749 peritissi-

439 775 557 815 mus,
599 759 681 823 qui
719 776 940 824 magnam
979 762 1104 826 apud
1142 763 1345 826 posteros
1389 765 1449 811 ob
1494 765 1731 814 divinandi
1772 768 2039 831 opinionem
2078 771 2359 822 consecutus.

440 846 527 894 Vir
572 847 700 896 acuti
737 848 912 912 ingenii
953 857 1002 898 et
1038 851 1268 899 bonarum
1306 851 1550 900 literarum
1586 853 1712 902 avidi
1751 855 2019 918 plurimum,
2069 858 2363 909 Britanniam

438 940 604 990 totam,
643 934 811 983 deinde
848 936 1064 994 Galliam,
1096 937 1299 987 discendi
1335 938 1471 987 eausa
1503 941 1781 1003 peragravit.
1852 942 2061 991 Arthuro
2092 945 2191 1009 regi
2227 947 2361 995 valde

438 1037 575 1070 carus
619 1023 792 1071 extitit.
867 1024 978 1072 Fuit
1017 1025 1163 1074 etiam
1205 1025 1520 1090 philosophiae
1565 1043 1650 1091 per
1692 1027 1821 1077 suam
1865 1037 2068 1080 aetatem
2112 1032 2362 1082 studiofiffi-

409 1173 412 1176 ἢ
439 1126 555 1166 mus,
595 1127 689 1174 quo
729 1111 919 1159 nomine
959 1118 1008 1160 et
1042 1112 1225 1176 magiae
1260 1113 1516 1177 praenituit
1554 1114 1708 1163 titulo.
1776 1115 2010 1182 Vatioinia
2040 1118 2139 1182 ejus
2166 1120 2361 1169 circum-

438 1198 667 1253 feruntur,
719 1198 914 1246 oblbura
966 1198 1157 1262 quidem
1210 1199 1292 1247 illa
1343 1207 1392 1248 et
1441 1200 1559 1248 nihil
1609 1201 1726 1250 certi
1768 1202 2067 1259 continentia,
2120 1222 2240 1268 quae
2286 1208 2360 1255 vel

438 1292 695 1348 antequam
730 1285 961 1342 eveniant,
1001 1285 1200 1349 sperare,
1236 1287 1312 1334 vel
1350 1302 1459 1334 eum
1495 1288 1748 1344 evenerint,
1784 1287 2001 1352 promifl'a
2039 1307 2150 1340 vera
2191 1294 2361 1342 audeas

439 1371 711 1420 affirmare:
757 1379 1004 1436 praeterea
1048 1373 1116 1420 ita
1160 1372 1410 1437 eompofita
1452 1373 1570 1430 sunt,
1615 1381 1669 1423 ut
1714 1374 1877 1423 eadem
1919 1376 1980 1423 ad
2022 1377 2171 1427 multa
2213 1379 2361 1427 diver-

438 1459 594 1507 sarum
646 1475 806 1507 rerum
856 1466 1025 1508 eventa
1074 1460 1444 1509 eircumflefflaere
1487 1468 1538 1510 et
1579 1461 1931 1512 accommodare
1973 1461 2120 1527 poffis.
2210 1464 2360 1514 Multa

440 1553 600 1595 eutem
622 1545 807 1610 scriptis
827 1546 1098 1602 mandavit;
1121 1546 1356 1603 nimirum,

639 1634 842 1682 Suarum
866 1632 1221 1681 Divinationum
1243 1633 1322 1682 lib.
1346 1647 1379 1681 1.

639 1721 711 1769 De
736 1719 1048 1768 Albaniorum
1071 1720 1305 1776 Fortunis,
1329 1720 1408 1769 lib.
1431 1735 1464 1769 1.

639 1806 946 1870 Prophetiam
967 1806 1239 1870 prosaicam,
1264 1807 1344 1855 lib.
1368 1821 1401 1855 1.

639 1893 794 1956 Super
815 1893 1091 1958 quibusdam
1114 1892 1395 1950 Honoribus,
1419 1893 1499 1942 lib.
1522 1907 1556 1942 1.

641 1980 714 2029 De
737 1981 943 2044 quodam
965 1980 1124 2036 Sexto,
1148 1980 1229 2028 lib.
1251 1995 1284 2027 Ι.

641 2067 786 2116 Βίὅὶει
809 2067 867 2115 de
891 2067 1116 2131 Septimo,
1139 2067 1220 2115 lib.
1243 2081 1276 2114 Ι.

621 2147 734 2203 'Pro
756 2155 986 2218 Tempore
1010 2153 1157 2218 Regis
1177 2153 1388 2209 Arthuri,
1412 2151 1492 2200 lib.
1515 2165 1548 2200 1.

639 2242 818 2291 Contra
840 2241 1097 2305 Vortigerii
1118 2234 1294 2305 Magos,
1318 2240 1399 2289 lib.
1421 2253 1454 2288 1.

637 2327 791 2392 Super
813 2327 938 2376 Arce
962 2325 1233 2391 Vol-tigerii,
1255 2325 1335 2375 lib.
1359 2340 1392 2374 1.

639 2414 794 2479 Super
815 2414 1020 2478 quodam
1042 2413 1254 2462 Cometa.

442 2500 617 2550 Utrum
663 2508 824 2550 autem
868 2501 1015 2565 aliqui
1059 2517 1120 2549 ex
1155 2500 1257 2564 jam
1301 2498 1441 2549 dietis
1484 2501 1617 2550 libris
1658 2501 1745 2551 fint
1788 2502 1931 2551 iidem
1973 2517 2081 2551 cum
2128 2502 2219 2550 illis
2262 2503 2358 2566 ejus

441 2588 711 2653 Prophetiis
742 2595 791 2637 et
822 2588 977 2637 tribus
1008 2587 1143 2636 libris
1175 2586 1436 2636 vaticinalis
1468 2586 1712 2646 Hfltoriae,
1742 2589 1823 2654 qui
1858 2589 2023 2638 Latine
2058 2588 2357 2652 manuscripti

440 2676 746 2724 inveniuntur
778 2675 989 2724 Oxoniae
1016 2675 1067 2722 in
1101 2674 1388 2723 bibliotheca
1413 2673 1710 2732 Mertonenfi,
1740 2683 1790 2725 et
1819 2674 2146 2739 Cantabrigiae
2178 2675 2228 2722 in
2260 2674 2359 2723 bib·
2419 2654 2423 2664 ⁵

440 2764 644 2811 liotheea
669 2762 870 2826 publica,
905 2778 1088 2810 necnon
1121 2760 1300 2810 Gallice
1333 2759 1384 2808 in
1417 2760 1639 2826 Collegiis
1671 2762 1719 2811 S.
1752 2761 1883 2811 Petri
1916 2767 1968 2809 et
1993 2761 2040 2809 S
2080 2760 2356 2814 Benedieti;

440 2857 687 2915 praeterea
720 2849 895 2897 aliusne
928 2848 1071 2896 fuerit
1104 2848 1168 2896 ab
1205 2863 1262 2896 eo
1297 2846 1379 2910 qui
1411 2847 1577 2911 Anglis
1611 2846 1879 2896 Ambrofius
1916 2846 2146 2895 Merlinus
2174 2845 2355 2900 dieitur,

441 2938 646 3002 primum
682 2935 809 2984 haud
847 2934 982 2983 facile
1019 2933 1235 2988 dixerim,
1271 2932 1511 2996 posterius,
1544 2949 1640 2981 non
1678 2932 1876 2989 differre,
1908 2931 1988 2981 sed
2022 2931 2222 2980 eundem
2253 2930 2355 2985 effe,

442 3025 578 3074 facile
608 3023 816 3072 definire.
883 3021 1064 3070 Claruit
1097 3019 1327 3068 Merlinus
1358 3033 1481 3068 anno
1514 3016 1675 3068 salutis
1706 3017 1941 3068 humanae
1983 3019 2096 3072 480,
2133 3023 2356 3080 regnante

443 3114 492 3161 in
516 3111 673 3161 Scotia
697 3109 996 3160 Constantino
1019 3107 1192 3156 Primo.
