2938 3900
991 452 1077 493 DE
1132 453 1585 499 SCRIPTORIBUS
1632 459 1851 502 SCOTIS.
2309 472 2364 515 59

446 571 528 620 fibi
573 573 772 621 docebat
817 575 1016 638 plebem.
1108 578 1239 628 Haec
1283 579 1397 628 ille:
1454 582 1592 645 plura
1635 583 1708 632 his
1753 584 1914 634 fimilia
1958 588 2164 637 referunt
2210 591 2268 639 de
2312 610 2366 640 eo

443 659 656 709 Lessaeus
695 663 848 710 noster
888 671 935 712 et
982 665 1163 715 Pitseus
1205 668 1398 732 Anglus.
1489 670 1646 735 Longe
1687 689 1798 720 vero
1836 674 1974 722 aliter
2014 676 2222 741 depingit
2260 695 2365 726 eum

442 748 628 805 Baleus,
676 751 788 798 dum
834 753 913 808 ait,
968 754 1169 803 Centum
1215 756 1363 805 millia
1408 757 1651 807 hominum
1698 761 1971 810 charactere
2026 764 2262 827 pontificio
2318 768 2364 814 in

442 837 645 886 Bavaria
700 839 907 904 signavit,
953 858 1008 889 ac
1053 848 1233 891 terrore
1289 845 1437 909 magis
1494 863 1634 909 quam
1691 847 1770 911 pia
1825 848 2040 898 dofitrina
2095 852 2362 901 Antichristi

439 941 587 990 regno
640 927 1023 991 conglutinavit:
1083 937 1271 993 praeter
1324 931 1373 978 id
1429 934 1553 996 quod
1602 934 1651 981 in
1707 935 1872 999 Galliis
1924 936 2212 986 sacerdotum
2268 940 2361 987 illic

439 1014 650 1062 omnium
707 1015 924 1080 princeps
986 1017 1189 1074 fecerit;
1251 1019 1504 1067 celebravit
1560 1021 1766 1085 synodos,
1825 1024 2057 1073 ordinavit
2113 1026 2357 1091 episcopos,

435 1103 730 1150 confirmavit
765 1102 1034 1160 miffatores,
1070 1105 1346 1154 monasteria
1384 1107 1603 1164 condidit,
1639 1110 1852 1174 conjugia
1885 1112 2197 1161 ministrorum
2230 1114 2357 1162 dam-

434 1190 576 1246 navit,
611 1192 1012 1255 peregrinationes
1052 1193 1260 1249 instituit,
1295 1195 1618 1259 purgatorium
1654 1196 1824 1254 docuit,
1859 1206 2151 1247 mortuorum
2182 1199 2275 1249 ofl'a
2307 1209 2355 1248 et

434 1277 662 1341 imagines
722 1279 935 1326 venerari
985 1279 1127 1342 justit,
1185 1280 1376 1328 vestales
1431 1281 1826 1332 sermocinatrices
1888 1293 2051 1334 contra
2107 1288 2163 1334 D.
2219 1289 2353 1336 Pauli

433 1364 698 1412 dostrinam
750 1364 942 1420 admisit,
1001 1365 1246 1429 effecitque
1291 1372 1344 1414 ut
1384 1383 1492 1415 cum
1547 1370 1859 1419 oblationibus
1900 1373 2109 1437 plerique
2154 1375 2352 1423 Romam

431 1450 630 1499 adirent.
722 1451 1040 1499 Childericum
1085 1452 1349 1517 legitimum
1394 1455 1682 1503 Francorum
1726 1474 1885 1522 regem
1929 1461 2169 1523 tyrannice
2214 1462 2352 1525 depo—

430 1539 533 1594 fiiit,
574 1539 796 1603 Pipinum
836 1540 1124 1603 proditorem
1165 1542 1263 1604 ejus
1302 1542 1405 1590 loco
1441 1542 1684 1599 substituit,
1724 1561 1779 1592 ac
1816 1546 2041 1609 populum
2074 1563 2259 1595 omnem
2292 1550 2350 1596 ab

430 1627 530 1691 ejus
564 1627 791 1676 fidelitate
828 1627 1056 1684 absolvit;
1099 1635 1147 1677 et
1185 1629 1301 1678 haec
1337 1631 1495 1679 omnia
1529 1632 1873 1695 pontificiorum
1909 1650 2149 1701 canonum!
2178 1634 2349 1682 virtute

428 1715 538 1779 egit.
629 1715 1045 1779 Longobardorum
1084 1715 1270 1781 insuper
1313 1717 1469 1765 nobile
1513 1735 1710 1783 regnum
1755 1719 1804 1767 in
1852 1720 1982 1768 Petri
2017 1721 2347 1784 patrimonium

428 1804 672 1859 convertit,
714 1821 769 1852 ac
805 1805 1074 1852 Romanum
1116 1804 1366 1869 imperium
1401 1805 1604 1854 mirabili
1637 1805 1834 1855 artificio
1867 1807 2069 1862 tandem,
2105 1807 2229 1870 quod
2263 1807 2347 1855 sta-

423 1890 513 1938 tim
545 1890 838 1954 sequebatur,
874 1908 903 1939 a
937 1891 1129 1940 Graecis
1161 1892 1395 1940 transtulit
1428 1894 1488 1941 ad
1522 1893 1692 1949 Gallos,
1730 1901 1816 1942 etc.
1893 1895 2141 1957 Utcunque
2174 1894 2239 1950 fit,
2275 1895 2345 1942 vir

426 1987 529 2028 erat
563 1979 752 2044 ingenio
789 1979 981 2035 subtilis,
1020 1986 1068 2027 et
1108 1986 1206 2028 tam
1242 1979 1291 2026 in
1325 1979 1464 2028 sacris
1498 1997 1637 2044 quam
1671 1981 1876 2045 profanis
1909 1981 2056 2029 literis
2087 1981 2212 2029 haud
2246 1982 2344 2029 vul-

424 2067 602 2132 gariter
641 2067 839 2122 doxS'cus3
880 2067 938 2114 de
982 2083 1076 2130 quo
1121 2067 1216 2115 tale
1254 2066 1567 2114 testimonium
1606 2067 1797 2131 profert,
1843 2068 1967 2115 inter
2003 2067 2094 2115 alia
2128 2066 2339 2131 plurima,

424 2155 681 2219 Gregorius
708 2171 831 2218 papa
861 2154 1114 2202 Secundus.
1175 2162 1200 2180 ⁴⁴
1215 2153 1534 2217 Experimur,'’
1563 2153 1716 2217 inquit
1745 2170 1866 2217 papa
1899 2154 1959 2201 ad
1989 2170 2096 2201 eum
2126 2151 2338 2208 scribens,

424 2252 449 2271 ‘⁶
464 2251 514 2291 te
554 2244 614 2291 ab
654 2242 852 2290 infantia
887 2241 1038 2290 sacras
1074 2242 1234 2289 literas
1272 2240 1488 2297 didiciffe,
1525 2240 1851 2305 profe6'cusque
1890 2241 2094 2288 indolem
2132 2242 2193 2289 ad
2230 2258 2341 2305 aug-

422 2339 638 2380 mentum
683 2331 851 2378 talenti
895 2330 1090 2378 caelitus
1134 2329 1313 2385 crediti,
1357 2328 1607 2393 prospeEtu
1650 2327 1795 2376 divini
1838 2327 2030 2383 timoris,
2076 2329 2338 2383 extendere,

422 2420 653 2475 videlicet,
699 2419 901 2483 gratiam
946 2417 1225 2482 cognitionis
1274 2416 1479 2465 caelestis
1518 2415 1694 2463 oraculi
1737 2415 1786 2462 in
1830 2415 2037 2462 laborem
2081 2414 2339 2463 salutiferae

420 2507 783 2572 praedicationis
818 2506 1122 2570 expendere.’'
1191 2506 1264 2553 De
1300 2521 1356 2552 eo
1393 2504 1535 2552 etiam
1568 2503 1762 2551 testatur
1798 2502 2037 2550 Marianus
2073 2502 2250 2557 Scotus,
2290 2510 2337 2549 et

422 2596 660 2644 Arnoldus
716 2594 884 2650 Uvion,
942 2594 1200 2642 monachus
1255 2591 1603 2647 Benedictinus,
1662 2590 1909 2645 Usuardus,
1968 2589 2122 2637 Caroli
2178 2589 2335 2653 Magni

419 2683 699 2747 capellanus,
723 2689 772 2730 et
800 2682 893 2730 alii.
953 2681 1093 2738 Quod
1123 2681 1173 2728 in
1204 2680 1368 2729 Docko
1399 2678 1569 2727 Frifiae
1599 2678 1770 2742 oppido
1799 2675 1950 2741 paffus
1978 2675 2031 2724 fit
2059 2675 2333 2730 Bonifacius‚

418 2788 478 2820 ex
527 2771 796 2819 Scotorum·
825 2769 1060 2833 sanguine,
1108 2768 1261 2833 inquit
1308 2767 1559 2822 Marianus,
1605 2764 1972 2828 archiepiscopus
2020 2763 2332 2826 Mogunffinus,

416 2857 779 2909 Germaniarum
813 2856 1054 2920 apostolus,
1091 2862 1139 2903 et
1173 2854 1447 2919 apostolicus
1475 2871 1505 2902 a
1537 2854 1685 2901 latere
1722 2852 1930 2915 legatus3
1963 2849 2043 2913 qui
2083 2849 2332 2896 indomitae

415 2946 545 3012 genti
584 2945 870 3010 praedicanS,
911 2949 1182 3008 peremptus
1222 2942 1287 2990 est
1327 2957 1435 2989 cum
1469 2938 1807 3003 quinquaginta
1845 2937 2025 2983 duobus
2064 2934 2204 2989 sociis,
2251 2935 2330 2997 qui

418 3051 580 3083 omnes
612 3033 741 3081 Scoti
772 3038 854 3080 aut
897 3030 1052 3095 Angli,
1084 3037 1132 3077 et
1168 3027 1365 3076 instituti
1391 3024 1687 3075 Benedjfflni
1716 3020 1847 3070 fuiffe
1877 3021 2148 3085 produntur.
2216 3020 2331 3069 Cae-

415 3132 573 3173 terum
595 3120 798 3169 hominis
819 3118 1058 3183 ingenium
1083 3123 1132 3165 et
1155 3115 1298 3164 etiam
1320 3113 1503 3162 animus
1525 3112 1574 3159 in
1595 3110 1776 3174 scriptis
1797 3109 1972 3173 optime
1995 3107 2295 3156 innotescent.

614 3207 924 3272 Epistol-arum
979 3205 1039 3253 ad
1099 3203 1300 3251 summos
1355 3199 1606 3249 Pontifices
1660 3196 1910 3261 Gregorios
1964 3194 2229 3243 Secundum
2281 3201 2329 3243 et
