2938 3900
1225 757 1320 807 DE

514 983 1477 1063 SCRIPTORIBUS
1602 990 2042 1069 SOOTIS

1008 1258 1254 1314 LIBER
1323 1260 1546 1318 UNUS.

864 1658 953 1709 DE
1005 1659 1251 1711 SANCTO
1302 1658 1623 1713 COLUMBA.

309 1790 357 1839 S.
383 1792 643 1848 COLUMBA,
678 1791 914 1842 nobilibus
948 1799 1081 1841 ortus
1112 1793 1397 1857 parentibus,
1432 1799 1571 1841 natus
1593 1793 1643 1841 in
1667 1793 1841 1843 Huenfi
1874 1794 2034 1854 insula,
2059 1797 2108 1844 in
2141 1814 2233 1861 qua

308 1878 409 1941 post
474 1878 808 1927 monasterium
866 1878 1041 1944 infigne
1109 1879 1377 1936 construxit,
1434 1895 1579 1943 nepos
1634 1881 1839 1945 Fergufii
1894 1883 2017 1947 regis
2073 1884 2233 1933 Scoto-

307 1981 428 2021 rum,
464 1982 572 2014 cum
605 1967 639 2014 J
640 1983 732 2015 ona
764 1967 997 2031 propheta
1035 1966 1374 2031 homonymum
1409 1966 1598 2015 sortitus
1631 1968 1696 2016 est
1728 1985 1930 2026 nomen3
1981 1987 2089 2019 nam
2122 1971 2230 2020 licet

307 2050 489 2099 diverso
532 2052 680 2099 trium
726 2052 996 2116 linguarum
1046 2052 1170 2108 s0n0,
1221 2069 1365 2101 unam
1407 2060 1568 2102 tamen
1623 2055 1911 2119 eandemque
1955 2073 2056 2105 rem
2098 2057 2232 2122 figni-

306 2138 441 2186 ficat:
492 2138 583 2187 hoc
614 2136 758 2203 ‘quod
792 2139 1024 2188 Hebraice
1072 2138 1244 2188 dicitur
1274 2140 1309 2187 J
1310 2155 1413 2197 ona,
1462 2140 1641 2190 Graece
1686 2157 1798 2190 vero
1845 2143 2096 2207 νηπιὸφξονα,
2140 2144 2229 2193 five

307 2224 533 2289 περιστεξόν
579 2232 763 2282 vocant,
816 2232 865 2274 et
909 2226 1079 2274 Latina
1127 2226 1289 2290 lingua
1322 2227 1553 2276 Columba
1595 2223 1913 2292 nuncupatur}
1973 2230 2085 2278 Tale
2127 2238 2230 2280 tan-

304 2319 503 2377 tumque
561 2312 843 2361 vocabulum
908 2311 1089 2360 homini
1143 2328 1240 2360 non
1305 2311 1398 2361 fine
1455 2313 1612 2363 divina
1677 2314 1970 2378 providentia
2030 2317 2229 2367 inditum

305 2397 406 2448 effe
452 2399 716 2457 credimus3
768 2399 1000 2448 Columba
1044 2399 1220 2448 etenim
1265 2405 1314 2448 et
1357 2398 1550 2465 fimplex
1599 2400 1916 2465 innocuusque
1971 2405 2228 2468 nuncupari

304 2487 481 2544 debuit,
517 2487 600 2551 qui
632 2487 684 2535 in
716 2487 763 2536 se
797 2487 1076 2536 columbinis
1114 2487 1325 2536 moribus
1358 2487 1556 2552 Spiritui
1600 2489 1776 2538 Sancto
1809 2489 2058 2553 hospitium
2096 2508 2228 2555 prae-

304 2574 423 2622 buit.
514 2574 607 2622 Hic
651 2590 777 2622 anno
815 2574 1017 2623 secundo
1055 2574 1155 2638 post
1199 2574 1377 2623 bellum
1421 2575 1551 2623 illud.
1582 2577 1640 2623 de
1685 2576 2016 2634 Culedrebene,
2061 2580 2228 2628 aetatis

302 2658 411 2707 suae
446 2662 570 2708 anne
611 2659 830 2724 vigefimo
863 2659 1078 2717 secundo,
1108 2676 1169 2708 ex
1202 2660 1377 2709 Huenfi
1409 2661 1558 2710 insula
1590 2661 1640 2709 in
1669 2661 1944 2710 Hiberniam
1976 2663 2224 2726 profectus,

302 2745 488 2794 nullum
554 2746 695 2794 unius
755 2746 900 2795 horae
967 2747 1269 2795 intervallum
1323 2747 1516 2797 tranfire
1582 2755 1768 2812 poterat
1823 2750 1948 2813 quod
2003 2766 2096 2798 non
2150 2751 2223 2798 vel

303 2831 518 2887 orationi,
554 2832 630 2880 vel
678 2832 887 2889 leetioni,
922 2839 1005 2882 aut
1049 2833 1289 2898 scriptioni
1332 2835 1458 2884 inter
1501 2836 1755 2885 monachos
1786 2836 1891 2885 suos
1922 2837 2223 2886 incumberet.

300 2919 397 2967 Pro
433 2917 571 2982 ipfius
615 2919 879 2968 eruditione
916 2926 965 2968 et
1003 2920 1129 2969 vitae
1168 2920 1416 2970 sanctitate
1461 2923 1607 2971 abbas
1645 2921 1847 2970 Cloenfis
1882 2922 1945 2970 est
1982 2923 2135 2972 sactus
2172 2923 2221 2970 in

300 3005 557 3062 Hibernia3
608 3006 765 3070 postea
798 3006 849 3055 in
882 3006 1091 3055 Scotiam
1136 3008 1198 3055 ad
1230 3008 1395 3056 Ionam
1444 3007 1640 3056 insulam
1686 3008 1752 3056 est
1795 3008 2015 3064 reversus,
2063 3009 2220 3073 ibique

299 3110 387 3158 per
424 3093 601 3142 multos
640 3110 788 3142 annos
822 3094 872 3142 S.
905 3093 1172 3158 Scripturas
1210 3093 1450 3142 monachis
1488 3093 1815 3158 praelegebat;
1861 3094 2029 3143 deinde
2062 3095 2222 3144 Pictos

300 3179 541 3243 plurimOS,
590 3180 671 3246 qui
705 3187 820 3229 tunc
863 3180 1089 3244 temporis
1122 3180 1172 3228 in
1206 3179 1364 3230 Scotia
1396 3181 1587 3245 praedia
1633 3181 1783 3230 multa
1820 3180 2120 3245 poffidebant‚
2159 3183 2219 3230 ad

299 3266 468 3316 Christi
512 3268 655 3317 fidem
707 3268 1084 3333 amplectendam
1130 3268 1307 3326 allexit,
1354 3268 1625 3333 praesertim
1675 3268 1795 3332 ipsos
1846 3269 1927 3333 qui
1977 3270 2027 3316 in
2072 3268 2218 3317 insula

1864 3370 1894 3402 B
