<?xml version="1.0" encoding="UTF-8"?>
<!DOCTYPE html PUBLIC "-//W3C//DTD XHTML 1.0 Transitional//EN"
    "http://www.w3.org/TR/xhtml1/DTD/xhtml1-transitional.dtd">
<html xmlns="http://www.w3.org/1999/xhtml" xml:lang="en" lang="en">
 <head>
  <title>
</title>
<meta http-equiv="Content-Type" content="text/html;charset=utf-8" />
  <meta name='ocr-system' content='tesseract 3.04.00' />
  <meta name='ocr-capabilities' content='ocr_page ocr_carea ocr_par ocr_line ocrx_word'/>
</head>
<body>
  <div class='ocr_page' id='page_1' title='image "./descriptoribus5500buchuoft_0108.png"; bbox 0 0 2938 3900; ppageno 0'>
   <div class='ocr_carea' id='block_1_1' title="bbox 625 395 2026 447">
    <p class='ocr_par' dir='ltr' id='par_1_1' title="bbox 625 395 2026 447">
     <span class='ocr_line' id='line_1_1' title="bbox 625 395 2026 447; baseline -0.007 0"><span class='ocrx_word' id='word_1_1' title='bbox 625 403 683 447; x_wconf 87' lang='lat'>86</span> <span class='ocrx_word' id='word_1_2' title='bbox 1151 400 1238 443; x_wconf 79' lang='lat' dir='ltr'>DE</span> <span class='ocrx_word' id='word_1_3' title='bbox 1291 395 1751 443; x_wconf 83' lang='lat' dir='ltr'>SCRIPTORIBUS</span> <span class='ocrx_word' id='word_1_4' title='bbox 1802 395 2026 442; x_wconf 83' lang='lat' dir='ltr'>SCOTIS.</span> 
     </span>
    </p>
   </div>
   <div class='ocr_carea' id='block_1_2' title="bbox 633 519 2578 3213">
    <p class='ocr_par' dir='ltr' id='par_1_2' title="bbox 633 519 2578 3213">
     <span class='ocr_line' id='line_1_2' title="bbox 633 519 2568 584; baseline -0.008 -6"><span class='ocrx_word' id='word_1_5' title='bbox 633 530 843 578; x_wconf 86' lang='lat' dir='ltr'>animum</span> <span class='ocrx_word' id='word_1_6' title='bbox 877 525 1135 576; x_wconf 85' lang='lat' dir='ltr'>excoluerit</span> <span class='ocrx_word' id='word_1_7' title='bbox 1168 524 1383 579; x_wconf 86' lang='lat' dir='ltr'>eruditio,</span> <span class='ocrx_word' id='word_1_8' title='bbox 1424 530 1478 571; x_wconf 94' lang='lat' dir='ltr'>ut</span> <span class='ocrx_word' id='word_1_9' title='bbox 1511 520 1629 570; x_wconf 90' lang='lat' dir='ltr'>nihil</span> <span class='ocrx_word' id='word_1_10' title='bbox 1668 520 1719 569; x_wconf 93' lang='lat' dir='ltr'>in</span> <span class='ocrx_word' id='word_1_11' title='bbox 1753 519 1913 584; x_wconf 77' lang='lat' dir='ltr'>aliqua</span> <span class='ocrx_word' id='word_1_12' title='bbox 1950 528 2054 571; x_wconf 78' lang='lat' dir='ltr'>arte</span> <span class='ocrx_word' id='word_1_13' title='bbox 2092 521 2236 572; x_wconf 82' lang='lat' dir='ltr'>fuerit</span> <span class='ocrx_word' id='word_1_14' title='bbox 2270 529 2369 573; x_wconf 73' lang='lat' dir='ltr'>tam</span> <span class='ocrx_word' id='word_1_15' title='bbox 2405 539 2568 572; x_wconf 74' lang='lat' dir='ltr'>recon-</span> 
     </span>
     <span class='ocr_line' id='line_1_3' title="bbox 635 607 2566 680; baseline -0.003 -14"><span class='ocrx_word' id='word_1_16' title='bbox 635 618 800 672; x_wconf 90' lang='lat' dir='ltr'>ditum,</span> <span class='ocrx_word' id='word_1_17' title='bbox 836 615 961 680; x_wconf 92' lang='lat' dir='ltr'>quod</span> <span class='ocrx_word' id='word_1_18' title='bbox 998 614 1123 662; x_wconf 90' lang='lat' dir='ltr'>illius</span> <span class='ocrx_word' id='word_1_19' title='bbox 1155 612 1317 667; x_wconf 85' lang='lat' dir='ltr'>aciem,</span> <span class='ocrx_word' id='word_1_20' title='bbox 1355 609 1471 660; x_wconf 80' lang='lat' dir='ltr'>nihil</span> <span class='ocrx_word' id='word_1_21' title='bbox 1504 616 1605 659; x_wconf 85' lang='lat' dir='ltr'>tam</span> <span class='ocrx_word' id='word_1_22' title='bbox 1640 607 1830 657; x_wconf 84' lang='lat' dir='ltr'>difficile</span> <span class='ocrx_word' id='word_1_23' title='bbox 1870 608 1997 672; x_wconf 91' lang='lat' dir='ltr'>quod</span> <span class='ocrx_word' id='word_1_24' title='bbox 2030 608 2157 661; x_wconf 78' lang='lat' dir='ltr'>illius</span> <span class='ocrx_word' id='word_1_25' title='bbox 2191 610 2566 677; x_wconf 77' lang='lat' dir='ltr'>intelligentiam,</span> 
     </span>
     <span class='ocr_line' id='line_1_4' title="bbox 636 694 2567 770; baseline -0.003 -17"><span class='ocrx_word' id='word_1_26' title='bbox 636 706 819 770; x_wconf 73' lang='lat' dir='ltr'>stigeret</span> <span class='ocrx_word' id='word_1_27' title='bbox 844 721 855 759; x_wconf 92' lang='lat'>;</span> <span class='ocrx_word' id='word_1_28' title='bbox 901 704 1089 750; x_wconf 90' lang='lat' dir='ltr'>demum</span> <span class='ocrx_word' id='word_1_29' title='bbox 1130 700 1177 747; x_wconf 91' lang='lat' dir='ltr'>in</span> <span class='ocrx_word' id='word_1_30' title='bbox 1217 706 1400 747; x_wconf 87' lang='lat' dir='ltr'>tantam</span> <span class='ocrx_word' id='word_1_31' title='bbox 1436 713 1623 746; x_wconf 87' lang='lat' dir='ltr'>morum</span> <span class='ocrx_word' id='word_1_32' title='bbox 1659 694 1802 745; x_wconf 84' lang='lat' dir='ltr'>evafit</span> <span class='ocrx_word' id='word_1_33' title='bbox 1835 695 2136 759; x_wconf 62' lang='lat' dir='ltr'>probitatem</span> <span class='ocrx_word' id='word_1_34' title='bbox 2171 705 2316 763; x_wconf 76' lang='lat' dir='ltr'>atque</span> <span class='ocrx_word' id='word_1_35' title='bbox 2356 700 2567 748; x_wconf 91' lang='lat' dir='ltr'>omnium</span> 
     </span>
     <span class='ocr_line' id='line_1_5' title="bbox 637 783 2567 853; baseline -0.003 -11"><span class='ocrx_word' id='word_1_36' title='bbox 637 794 865 842; x_wconf 89' lang='lat' dir='ltr'>bonarum</span> <span class='ocrx_word' id='word_1_37' title='bbox 905 788 1251 853; x_wconf 87' lang='lat' dir='ltr'>disciplinarum</span> <span class='ocrx_word' id='word_1_38' title='bbox 1286 785 1613 841; x_wconf 89' lang='lat' dir='ltr'>eruditionem,</span> <span class='ocrx_word' id='word_1_39' title='bbox 1654 790 1709 833; x_wconf 91' lang='lat' dir='ltr'>ut</span> <span class='ocrx_word' id='word_1_40' title='bbox 1744 783 1795 834; x_wconf 88' lang='lat' dir='ltr'>in</span> <span class='ocrx_word' id='word_1_41' title='bbox 1832 800 1927 834; x_wconf 81' lang='lat' dir='ltr'>una</span> <span class='ocrx_word' id='word_1_42' title='bbox 1961 783 2174 851; x_wconf 72' lang='lat' dir='ltr'>qualibet</span> <span class='ocrx_word' id='word_1_43' title='bbox 2202 785 2303 840; x_wconf 80' lang='lat' dir='ltr'>sola</span> <span class='ocrx_word' id='word_1_44' title='bbox 2341 787 2567 852; x_wconf 84' lang='lat' dir='ltr'>exquifite</span> 
     </span>
     <span class='ocr_line' id='line_1_6' title="bbox 639 870 2568 935; baseline -0.002 -8"><span class='ocrx_word' id='word_1_45' title='bbox 639 880 844 929; x_wconf 85' lang='lat' dir='ltr'>versatus</span> <span class='ocrx_word' id='word_1_46' title='bbox 878 877 1127 925; x_wconf 84' lang='lat' dir='ltr'>videretur.</span> <span class='ocrx_word' id='word_1_47' title='bbox 1199 874 1293 932; x_wconf 86' lang='lat' dir='ltr'>Qui</span> <span class='ocrx_word' id='word_1_48' title='bbox 1333 875 1382 922; x_wconf 91' lang='lat' dir='ltr'>in</span> <span class='ocrx_word' id='word_1_49' title='bbox 1420 872 1627 922; x_wconf 87' lang='lat' dir='ltr'>Scotiam</span> <span class='ocrx_word' id='word_1_50' title='bbox 1671 870 1830 935; x_wconf 91' lang='lat' dir='ltr'>postea</span> <span class='ocrx_word' id='word_1_51' title='bbox 1873 870 2098 928; x_wconf 78' lang='lat' dir='ltr'>reversus,</span> <span class='ocrx_word' id='word_1_52' title='bbox 2142 879 2194 922; x_wconf 90' lang='lat' dir='ltr'>et</span> <span class='ocrx_word' id='word_1_53' title='bbox 2236 890 2290 924; x_wconf 85' lang='lat' dir='ltr'>re</span> <span class='ocrx_word' id='word_1_54' title='bbox 2334 881 2384 924; x_wconf 92' lang='lat' dir='ltr'>et</span> <span class='ocrx_word' id='word_1_55' title='bbox 2423 877 2568 924; x_wconf 87' lang='lat' dir='ltr'>verbo</span> 
     </span>
     <span class='ocr_line' id='line_1_7' title="bbox 639 958 2569 1030; baseline -0.003 -14"><span class='ocrx_word' id='word_1_56' title='bbox 639 968 795 1017; x_wconf 88' lang='lat' dir='ltr'>docuit</span> <span class='ocrx_word' id='word_1_57' title='bbox 845 972 1073 1030; x_wconf 91' lang='lat' dir='ltr'>quantum</span> <span class='ocrx_word' id='word_1_58' title='bbox 1118 963 1171 1011; x_wconf 86' lang='lat' dir='ltr'>fit</span> <span class='ocrx_word' id='word_1_59' title='bbox 1215 962 1442 1011; x_wconf 90' lang='lat' dir='ltr'>momenti</span> <span class='ocrx_word' id='word_1_60' title='bbox 1488 962 1549 1010; x_wconf 89' lang='lat' dir='ltr'>ad</span> <span class='ocrx_word' id='word_1_61' title='bbox 1593 958 1935 1023; x_wconf 80' lang='lat' dir='ltr'>rempublicam</span> <span class='ocrx_word' id='word_1_62' title='bbox 1979 959 2101 1008; x_wconf 86' lang='lat' dir='ltr'>bene</span> <span class='ocrx_word' id='word_1_63' title='bbox 2144 961 2482 1011; x_wconf 80' lang='lat' dir='ltr'>moderandam</span> <span class='ocrx_word' id='word_1_64' title='bbox 2520 963 2569 1011; x_wconf 90' lang='lat' dir='ltr'>in</span> 
     </span>
     <span class='ocr_line' id='line_1_8' title="bbox 637 1047 2570 1116; baseline -0.003 -12"><span class='ocrx_word' id='word_1_65' title='bbox 637 1056 878 1104; x_wconf 85' lang='lat' dir='ltr'>literarum</span> <span class='ocrx_word' id='word_1_66' title='bbox 914 1052 1178 1116; x_wconf 87' lang='lat' dir='ltr'>cognitione</span> <span class='ocrx_word' id='word_1_67' title='bbox 1214 1049 1426 1115; x_wconf 87' lang='lat' dir='ltr'>pofitum,</span> <span class='ocrx_word' id='word_1_68' title='bbox 1468 1065 1576 1097; x_wconf 91' lang='lat' dir='ltr'>cum</span> <span class='ocrx_word' id='word_1_69' title='bbox 1616 1047 1774 1096; x_wconf 80' lang='lat' dir='ltr'>nullus</span> <span class='ocrx_word' id='word_1_70' title='bbox 1812 1063 2023 1111; x_wconf 87' lang='lat' dir='ltr'>unquam</span> <span class='ocrx_word' id='word_1_71' title='bbox 2061 1047 2113 1097; x_wconf 91' lang='lat' dir='ltr'>in</span> <span class='ocrx_word' id='word_1_72' title='bbox 2152 1047 2314 1098; x_wconf 81' lang='lat' dir='ltr'>Scotia</span> <span class='ocrx_word' id='word_1_73' title='bbox 2355 1066 2443 1098; x_wconf 87' lang='lat' dir='ltr'>rex</span> <span class='ocrx_word' id='word_1_74' title='bbox 2486 1058 2570 1100; x_wconf 87' lang='lat' dir='ltr'>aut</span> 
     </span>
     <span class='ocr_line' id='line_1_9' title="bbox 636 1134 2572 1206; baseline -0.002 -15"><span class='ocrx_word' id='word_1_75' title='bbox 636 1141 798 1206; x_wconf 86' lang='lat' dir='ltr'>majori</span> <span class='ocrx_word' id='word_1_76' title='bbox 838 1138 1087 1204; x_wconf 85' lang='lat' dir='ltr'>prudentia</span> <span class='ocrx_word' id='word_1_77' title='bbox 1123 1138 1278 1194; x_wconf 86' lang='lat' dir='ltr'>dubia,</span> <span class='ocrx_word' id='word_1_78' title='bbox 1314 1144 1398 1186; x_wconf 91' lang='lat' dir='ltr'>aut</span> <span class='ocrx_word' id='word_1_79' title='bbox 1433 1135 1682 1187; x_wconf 89' lang='lat' dir='ltr'>maturiori</span> <span class='ocrx_word' id='word_1_80' title='bbox 1717 1135 1906 1184; x_wconf 89' lang='lat' dir='ltr'>confilio</span> <span class='ocrx_word' id='word_1_81' title='bbox 1938 1134 2210 1200; x_wconf 83' lang='lat' dir='ltr'>periculosa,</span> <span class='ocrx_word' id='word_1_82' title='bbox 2245 1143 2329 1186; x_wconf 89' lang='lat' dir='ltr'>aut</span> <span class='ocrx_word' id='word_1_83' title='bbox 2356 1138 2572 1187; x_wconf 90' lang='lat' dir='ltr'>enuclea-</span> 
     </span>
     <span class='ocr_line' id='line_1_10' title="bbox 635 1223 2571 1290; baseline -0.002 -12"><span class='ocrx_word' id='word_1_84' title='bbox 635 1230 744 1278; x_wconf 90' lang='lat' dir='ltr'>tiori</span> <span class='ocrx_word' id='word_1_85' title='bbox 791 1228 996 1276; x_wconf 64' lang='lat' dir='ltr'>dictione</span> <span class='ocrx_word' id='word_1_86' title='bbox 1053 1226 1259 1282; x_wconf 86' lang='lat' dir='ltr'>obscura,</span> <span class='ocrx_word' id='word_1_87' title='bbox 1314 1232 1397 1274; x_wconf 90' lang='lat' dir='ltr'>aut</span> <span class='ocrx_word' id='word_1_88' title='bbox 1446 1223 1682 1274; x_wconf 88' lang='lat' dir='ltr'>finceriori</span> <span class='ocrx_word' id='word_1_89' title='bbox 1734 1223 1912 1288; x_wconf 83' lang='lat' dir='ltr'>pietate</span> <span class='ocrx_word' id='word_1_90' title='bbox 1964 1224 2124 1274; x_wconf 86' lang='lat' dir='ltr'>omnia</span> <span class='ocrx_word' id='word_1_91' title='bbox 2178 1224 2229 1273; x_wconf 90' lang='lat' dir='ltr'>in</span> <span class='ocrx_word' id='word_1_92' title='bbox 2284 1225 2571 1290; x_wconf 90' lang='lat' dir='ltr'>reipublicae</span> 
     </span>
     <span class='ocr_line' id='line_1_11' title="bbox 635 1311 2570 1377; baseline -0.001 -13"><span class='ocrx_word' id='word_1_93' title='bbox 635 1314 1029 1365; x_wconf 87' lang='lat' dir='ltr'>administratione</span> <span class='ocrx_word' id='word_1_94' title='bbox 1086 1312 1236 1377; x_wconf 91' lang='lat' dir='ltr'>egerit</span> <span class='ocrx_word' id='word_1_95' title='bbox 1282 1319 1331 1361; x_wconf 88' lang='lat' dir='ltr'>et</span> <span class='ocrx_word' id='word_1_96' title='bbox 1386 1311 1654 1361; x_wconf 87' lang='lat' dir='ltr'>confecerit.</span> <span class='ocrx_word' id='word_1_97' title='bbox 1745 1311 2074 1362; x_wconf 84' lang='lat' dir='ltr'>Pulcherrimo</span> <span class='ocrx_word' id='word_1_98' title='bbox 2130 1319 2234 1362; x_wconf 86' lang='lat' dir='ltr'>erat</span> <span class='ocrx_word' id='word_1_99' title='bbox 2278 1312 2468 1377; x_wconf 89' lang='lat' dir='ltr'>ingenio</span> <span class='ocrx_word' id='word_1_100' title='bbox 2523 1322 2570 1362; x_wconf 93' lang='lat' dir='ltr'>et</span> 
     </span>
     <span class='ocr_line' id='line_1_12' title="bbox 634 1399 2571 1465; baseline -0.002 -12"><span class='ocrx_word' id='word_1_101' title='bbox 634 1403 884 1453; x_wconf 86' lang='lat' dir='ltr'>admodum</span> <span class='ocrx_word' id='word_1_102' title='bbox 918 1400 1163 1457; x_wconf 89' lang='lat' dir='ltr'>animosus,</span> <span class='ocrx_word' id='word_1_103' title='bbox 1203 1401 1413 1450; x_wconf 66' lang='lat' dir='ltr'>luctator</span> <span class='ocrx_word' id='word_1_104' title='bbox 1452 1399 1681 1464; x_wconf 87' lang='lat' dir='ltr'>egregius,</span> <span class='ocrx_word' id='word_1_105' title='bbox 1715 1415 1910 1463; x_wconf 85' lang='lat' dir='ltr'>gravem</span> <span class='ocrx_word' id='word_1_106' title='bbox 1942 1406 2129 1463; x_wconf 86' lang='lat' dir='ltr'>petram</span> <span class='ocrx_word' id='word_1_107' title='bbox 2151 1400 2226 1449; x_wconf 87' lang='lat' dir='ltr'>vel</span> <span class='ocrx_word' id='word_1_108' title='bbox 2260 1402 2571 1465; x_wconf 86' lang='lat' dir='ltr'>ponderosum</span> 
     </span>
     <span class='ocr_line' id='line_1_13' title="bbox 636 1486 2571 1553; baseline -0.001 -14"><span class='ocrx_word' id='word_1_109' title='bbox 636 1492 856 1540; x_wconf 86' lang='lat' dir='ltr'>malleum</span> <span class='ocrx_word' id='word_1_110' title='bbox 890 1490 1016 1537; x_wconf 85' lang='lat' dir='ltr'>ultra</span> <span class='ocrx_word' id='word_1_111' title='bbox 1050 1504 1213 1537; x_wconf 92' lang='lat' dir='ltr'>omnes</span> <span class='ocrx_word' id='word_1_112' title='bbox 1247 1488 1476 1553; x_wconf 89' lang='lat' dir='ltr'>projecit;</span> <span class='ocrx_word' id='word_1_113' title='bbox 1512 1486 1671 1535; x_wconf 90' lang='lat' dir='ltr'>cursor</span> <span class='ocrx_word' id='word_1_114' title='bbox 1701 1487 1853 1543; x_wconf 85' lang='lat' dir='ltr'>velox,</span> <span class='ocrx_word' id='word_1_115' title='bbox 1889 1486 2091 1536; x_wconf 88' lang='lat' dir='ltr'>muficus</span> <span class='ocrx_word' id='word_1_116' title='bbox 2115 1487 2408 1546; x_wconf 88' lang='lat' dir='ltr'>artificiosus,</span> <span class='ocrx_word' id='word_1_117' title='bbox 2444 1497 2493 1538; x_wconf 92' lang='lat' dir='ltr'>et</span> <span class='ocrx_word' id='word_1_118' title='bbox 2523 1490 2571 1538; x_wconf 91' lang='lat' dir='ltr'>in</span> 
     </span>
     <span class='ocr_line' id='line_1_14' title="bbox 637 1574 2570 1642; baseline -0.001 -15"><span class='ocrx_word' id='word_1_119' title='bbox 637 1580 763 1629; x_wconf 85' lang='lat' dir='ltr'>vocis</span> <span class='ocrx_word' id='word_1_120' title='bbox 794 1578 1113 1627; x_wconf 86' lang='lat' dir='ltr'>modulatione</span> <span class='ocrx_word' id='word_1_121' title='bbox 1147 1576 1266 1626; x_wconf 89' lang='lat' dir='ltr'>nulli</span> <span class='ocrx_word' id='word_1_122' title='bbox 1304 1575 1562 1625; x_wconf 86' lang='lat' dir='ltr'>secundus:</span> <span class='ocrx_word' id='word_1_123' title='bbox 1602 1574 1652 1623; x_wconf 89' lang='lat' dir='ltr'>in</span> <span class='ocrx_word' id='word_1_124' title='bbox 1693 1574 1888 1631; x_wconf 80' lang='lat' dir='ltr'>cithara,</span> <span class='ocrx_word' id='word_1_125' title='bbox 1921 1581 2151 1639; x_wconf 87' lang='lat' dir='ltr'>tanquam</span> <span class='ocrx_word' id='word_1_126' title='bbox 2182 1576 2307 1625; x_wconf 90' lang='lat' dir='ltr'>alter</span> <span class='ocrx_word' id='word_1_127' title='bbox 2339 1577 2570 1642; x_wconf 85' lang='lat' dir='ltr'>Orpheus,</span> 
     </span>
     <span class='ocr_line' id='line_1_15' title="bbox 638 1662 2570 1728; baseline -0.001 -13"><span class='ocrx_word' id='word_1_128' title='bbox 638 1666 949 1716; x_wconf 85' lang='lat' dir='ltr'>Hibernenses</span> <span class='ocrx_word' id='word_1_129' title='bbox 998 1672 1082 1715; x_wconf 91' lang='lat' dir='ltr'>aut</span> <span class='ocrx_word' id='word_1_130' title='bbox 1137 1663 1361 1713; x_wconf 82' lang='lat' dir='ltr'>filvestres</span> <span class='ocrx_word' id='word_1_131' title='bbox 1415 1663 1594 1719; x_wconf 83' lang='lat' dir='ltr'>Scotos,</span> <span class='ocrx_word' id='word_1_132' title='bbox 1643 1662 1726 1727; x_wconf 89' lang='lat' dir='ltr'>qui</span> <span class='ocrx_word' id='word_1_133' title='bbox 1770 1662 1822 1711; x_wconf 89' lang='lat' dir='ltr'>in</span> <span class='ocrx_word' id='word_1_134' title='bbox 1874 1662 1957 1712; x_wconf 88' lang='lat' dir='ltr'>illa</span> <span class='ocrx_word' id='word_1_135' title='bbox 2002 1670 2105 1712; x_wconf 88' lang='lat' dir='ltr'>arte</span> <span class='ocrx_word' id='word_1_136' title='bbox 2156 1664 2399 1728; x_wconf 79' lang='lat' dir='ltr'>praecipui</span> <span class='ocrx_word' id='word_1_137' title='bbox 2451 1664 2570 1722; x_wconf 88' lang='lat' dir='ltr'>sunt,</span> 
     </span>
     <span class='ocr_line' id='line_1_16' title="bbox 638 1750 2570 1819; baseline 0 -16"><span class='ocrx_word' id='word_1_138' title='bbox 638 1756 937 1819; x_wconf 85' lang='lat' dir='ltr'>exuperabat.</span> <span class='ocrx_word' id='word_1_139' title='bbox 1006 1753 1321 1802; x_wconf 79' lang='lat' dir='ltr'>Humaniores</span> <span class='ocrx_word' id='word_1_140' title='bbox 1347 1758 1494 1809; x_wconf 53' lang='lat' dir='ltr'>,artean</span> <span class='ocrx_word' id='word_1_141' title='bbox 1522 1750 1894 1816; x_wconf 83' lang='lat' dir='ltr'>grammaticam,</span> <span class='ocrx_word' id='word_1_142' title='bbox 1927 1751 2198 1808; x_wconf 86' lang='lat' dir='ltr'>oratoriam,</span> <span class='ocrx_word' id='word_1_143' title='bbox 2226 1753 2570 1818; x_wconf 88' lang='lat' dir='ltr'>poeticamque,</span> 
     </span>
     <span class='ocr_line' id='line_1_17' title="bbox 637 1839 2572 1905; baseline 0 -14"><span class='ocrx_word' id='word_1_144' title='bbox 637 1850 691 1891; x_wconf 91' lang='lat' dir='ltr'>ut</span> <span class='ocrx_word' id='word_1_145' title='bbox 725 1850 828 1890; x_wconf 93' lang='lat' dir='ltr'>tum</span> <span class='ocrx_word' id='word_1_146' title='bbox 869 1841 1108 1905; x_wconf 88' lang='lat' dir='ltr'>temporis,</span> <span class='ocrx_word' id='word_1_147' title='bbox 1151 1840 1321 1888; x_wconf 84' lang='lat' dir='ltr'>eximie</span> <span class='ocrx_word' id='word_1_148' title='bbox 1358 1846 1589 1888; x_wconf 87' lang='lat' dir='ltr'>noverat:</span> <span class='ocrx_word' id='word_1_149' title='bbox 1633 1847 1659 1865; x_wconf 84' lang='lat'>‘⁴</span> <span class='ocrx_word' id='word_1_150' title='bbox 1675 1839 1743 1887; x_wconf 92' lang='lat' dir='ltr'>ita</span> <span class='ocrx_word' id='word_1_151' title='bbox 1781 1843 1980 1895; x_wconf 90' lang='lat' dir='ltr'>orator,”</span> <span class='ocrx_word' id='word_1_152' title='bbox 2019 1839 2174 1903; x_wconf 89' lang='lat' dir='ltr'>inquit</span> <span class='ocrx_word' id='word_1_153' title='bbox 2211 1840 2437 1897; x_wconf 88' lang='lat' dir='ltr'>Lessaeus,</span> <span class='ocrx_word' id='word_1_154' title='bbox 2470 1850 2495 1868; x_wconf 82' lang='lat'>‘⁶</span> <span class='ocrx_word' id='word_1_155' title='bbox 2519 1850 2572 1891; x_wconf 95' lang='lat' dir='ltr'>ut</span> 
     </span>
     <span class='ocr_line' id='line_1_18' title="bbox 639 1918 2573 1996; baseline 0.002 -20"><span class='ocrx_word' id='word_1_156' title='bbox 639 1929 737 1993; x_wconf 90' lang='lat' dir='ltr'>ejus</span> <span class='ocrx_word' id='word_1_157' title='bbox 770 1918 977 1976; x_wconf 66' lang='lat' dir='ltr'>dictione</span> <span class='ocrx_word' id='word_1_158' title='bbox 1011 1927 1129 1975; x_wconf 92' lang='lat' dir='ltr'>nihil</span> <span class='ocrx_word' id='word_1_159' title='bbox 1168 1927 1311 1976; x_wconf 88' lang='lat' dir='ltr'>fuerit</span> <span class='ocrx_word' id='word_1_160' title='bbox 1344 1925 1669 1984; x_wconf 87' lang='lat' dir='ltr'>artificiofius;</span> <span class='ocrx_word' id='word_1_161' title='bbox 1714 1926 1782 1975; x_wconf 92' lang='lat' dir='ltr'>ita</span> <span class='ocrx_word' id='word_1_162' title='bbox 1809 1934 1970 1996; x_wconf 78' lang='lat' dir='ltr'>poeta,</span> <span class='ocrx_word' id='word_1_163' title='bbox 2007 1934 2061 1976; x_wconf 92' lang='lat' dir='ltr'>ut</span> <span class='ocrx_word' id='word_1_164' title='bbox 2095 1928 2304 1977; x_wconf 87' lang='lat' dir='ltr'>carmina</span> <span class='ocrx_word' id='word_1_165' title='bbox 2337 1946 2433 1977; x_wconf 91' lang='lat' dir='ltr'>non</span> <span class='ocrx_word' id='word_1_166' title='bbox 2474 1937 2573 1979; x_wconf 87' lang='lat' dir='ltr'>tam</span> 
     </span>
     <span class='ocr_line' id='line_1_19' title="bbox 638 2013 2574 2080; baseline 0.002 -16"><span class='ocrx_word' id='word_1_167' title='bbox 638 2023 740 2064; x_wconf 83' lang='lat' dir='ltr'>arte</span> <span class='ocrx_word' id='word_1_168' title='bbox 779 2014 1045 2072; x_wconf 78' lang='lat' dir='ltr'>astrinxisse,</span> <span class='ocrx_word' id='word_1_169' title='bbox 1086 2032 1228 2080; x_wconf 91' lang='lat' dir='ltr'>quam</span> <span class='ocrx_word' id='word_1_170' title='bbox 1267 2022 1438 2063; x_wconf 90' lang='lat' dir='ltr'>natura</span> <span class='ocrx_word' id='word_1_171' title='bbox 1473 2015 1635 2079; x_wconf 92' lang='lat' dir='ltr'>sponte</span> <span class='ocrx_word' id='word_1_172' title='bbox 1674 2013 1838 2063; x_wconf 85' lang='lat' dir='ltr'>fudiffe</span> <span class='ocrx_word' id='word_1_173' title='bbox 1879 2015 2132 2064; x_wconf 91' lang='lat' dir='ltr'>videretur.</span> <span class='ocrx_word' id='word_1_174' title='bbox 2204 2017 2293 2065; x_wconf 92' lang='lat' dir='ltr'>Cui</span> <span class='ocrx_word' id='word_1_175' title='bbox 2329 2017 2399 2065; x_wconf 91' lang='lat' dir='ltr'>rei</span> <span class='ocrx_word' id='word_1_176' title='bbox 2431 2018 2574 2067; x_wconf 92' lang='lat' dir='ltr'>fidem</span> 
     </span>
     <span class='ocr_line' id='line_1_20' title="bbox 636 2101 2574 2169; baseline 0.001 -17"><span class='ocrx_word' id='word_1_177' title='bbox 636 2104 814 2152; x_wconf 81' lang='lat' dir='ltr'>faciunt</span> <span class='ocrx_word' id='word_1_178' title='bbox 847 2103 1055 2152; x_wconf 79' lang='lat' dir='ltr'>camina</span> <span class='ocrx_word' id='word_1_179' title='bbox 1089 2102 1253 2151; x_wconf 84' lang='lat' dir='ltr'>diverli</span> <span class='ocrx_word' id='word_1_180' title='bbox 1287 2101 1486 2166; x_wconf 87' lang='lat' dir='ltr'>generis,</span> <span class='ocrx_word' id='word_1_181' title='bbox 1524 2119 1645 2166; x_wconf 86' lang='lat' dir='ltr'>quae</span> <span class='ocrx_word' id='word_1_182' title='bbox 1683 2102 1735 2151; x_wconf 92' lang='lat' dir='ltr'>in</span> <span class='ocrx_word' id='word_1_183' title='bbox 1773 2103 2017 2167; x_wconf 83' lang='lat' dir='ltr'>rythmum</span> <span class='ocrx_word' id='word_1_184' title='bbox 2043 2104 2236 2153; x_wconf 79' lang='lat' dir='ltr'>Scotice</span> <span class='ocrx_word' id='word_1_185' title='bbox 2268 2105 2482 2169; x_wconf 82' lang='lat' dir='ltr'>illigavit,</span> <span class='ocrx_word' id='word_1_186' title='bbox 2517 2123 2574 2155; x_wconf 89' lang='lat' dir='ltr'>eo</span> 
     </span>
     <span class='ocr_line' id='line_1_21' title="bbox 637 2189 2575 2257; baseline 0.002 -19"><span class='ocrx_word' id='word_1_187' title='bbox 637 2189 849 2246; x_wconf 77' lang='lat' dir='ltr'>artificio,</span> <span class='ocrx_word' id='word_1_188' title='bbox 893 2196 948 2237; x_wconf 92' lang='lat' dir='ltr'>ut</span> <span class='ocrx_word' id='word_1_189' title='bbox 990 2189 1299 2252; x_wconf 86' lang='lat' dir='ltr'>antiquorum</span> <span class='ocrx_word' id='word_1_190' title='bbox 1355 2196 1604 2253; x_wconf 88' lang='lat' dir='ltr'>poetarum</span> <span class='ocrx_word' id='word_1_191' title='bbox 1655 2207 1868 2247; x_wconf 83' lang='lat' dir='ltr'>acumen,</span> <span class='ocrx_word' id='word_1_192' title='bbox 1923 2191 2220 2256; x_wconf 87' lang='lat' dir='ltr'>gravitatem,</span> <span class='ocrx_word' id='word_1_193' title='bbox 2272 2194 2575 2257; x_wconf 82' lang='lat' dir='ltr'>prudentiam</span> 
     </span>
     <span class='ocr_line' id='line_1_22' title="bbox 635 2273 2576 2345; baseline 0.003 -21"><span class='ocrx_word' id='word_1_194' title='bbox 635 2275 778 2339; x_wconf 75' lang='lat' dir='ltr'>plane</span> <span class='ocrx_word' id='word_1_195' title='bbox 815 2282 1010 2339; x_wconf 89' lang='lat' dir='ltr'>putetur</span> <span class='ocrx_word' id='word_1_196' title='bbox 1045 2273 1298 2338; x_wconf 75' lang='lat' dir='ltr'>aequafl&#39;e.”</span> <span class='ocrx_word' id='word_1_197' title='bbox 1373 2275 1461 2326; x_wconf 79' lang='lat' dir='ltr'>His</span> <span class='ocrx_word' id='word_1_198' title='bbox 1495 2276 1714 2325; x_wconf 88' lang='lat' dir='ltr'>omnibus</span> <span class='ocrx_word' id='word_1_199' title='bbox 1747 2277 1868 2326; x_wconf 89' lang='lat' dir='ltr'>adde</span> <span class='ocrx_word' id='word_1_200' title='bbox 1906 2279 2033 2341; x_wconf 91' lang='lat' dir='ltr'>quod</span> <span class='ocrx_word' id='word_1_201' title='bbox 2065 2279 2332 2344; x_wconf 83' lang='lat' dir='ltr'>theologiae</span> <span class='ocrx_word' id='word_1_202' title='bbox 2366 2297 2422 2330; x_wconf 88' lang='lat' dir='ltr'>ac</span> <span class='ocrx_word' id='word_1_203' title='bbox 2452 2282 2576 2345; x_wconf 85' lang='lat' dir='ltr'>juris</span> 
     </span>
     <span class='ocr_line' id='line_1_23' title="bbox 642 2356 2574 2431; baseline 0.004 -21"><span class='ocrx_word' id='word_1_204' title='bbox 642 2362 857 2410; x_wconf 74' lang='lat' dir='ltr'>intimam</span> <span class='ocrx_word' id='word_1_205' title='bbox 924 2360 1240 2426; x_wconf 85' lang='lat' dir='ltr'>cognitionem</span> <span class='ocrx_word' id='word_1_206' title='bbox 1291 2356 1369 2411; x_wconf 21' lang='lat' dir='ltr'>*ita</span> <span class='ocrx_word' id='word_1_207' title='bbox 1428 2361 1586 2413; x_wconf 81' lang='lat' dir='ltr'>animo</span> <span class='ocrx_word' id='word_1_208' title='bbox 1649 2364 1972 2429; x_wconf 82' lang='lat' dir='ltr'>memoriaque</span> <span class='ocrx_word' id='word_1_209' title='bbox 2032 2367 2458 2431; x_wconf 85' lang='lat' dir='ltr'>comprehenderit,</span> <span class='ocrx_word' id='word_1_210' title='bbox 2521 2377 2574 2418; x_wconf 94' lang='lat' dir='ltr'>ut</span> 
     </span>
     <span class='ocr_line' id='line_1_24' title="bbox 645 2447 2574 2519; baseline 0.005 -23"><span class='ocrx_word' id='word_1_211' title='bbox 645 2448 872 2512; x_wconf 91' lang='lat' dir='ltr'>plurimos</span> <span class='ocrx_word' id='word_1_212' title='bbox 915 2447 1023 2496; x_wconf 74' lang='lat' dir='ltr'>suae</span> <span class='ocrx_word' id='word_1_213' title='bbox 1072 2447 1241 2496; x_wconf 83' lang='lat' dir='ltr'>aetatis</span> <span class='ocrx_word' id='word_1_214' title='bbox 1284 2447 1334 2495; x_wconf 89' lang='lat' dir='ltr'>in</span> <span class='ocrx_word' id='word_1_215' title='bbox 1379 2447 1469 2496; x_wconf 90' lang='lat' dir='ltr'>hoc</span> <span class='ocrx_word' id='word_1_216' title='bbox 1510 2465 1683 2513; x_wconf 88' lang='lat' dir='ltr'>genere</span> <span class='ocrx_word' id='word_1_217' title='bbox 1739 2450 1982 2515; x_wconf 85' lang='lat' dir='ltr'>superarit,</span> <span class='ocrx_word' id='word_1_218' title='bbox 2039 2454 2158 2502; x_wconf 94' lang='lat' dir='ltr'>nulli</span> <span class='ocrx_word' id='word_1_219' title='bbox 2203 2471 2333 2519; x_wconf 79' lang='lat' dir='ltr'>‚pene</span> <span class='ocrx_word' id='word_1_220' title='bbox 2378 2454 2574 2507; x_wconf 86' lang='lat' dir='ltr'>cefferit.</span> 
     </span>
     <span class='ocr_line' id='line_1_25' title="bbox 640 2533 2577 2608; baseline 0.005 -24"><span class='ocrx_word' id='word_1_221' title='bbox 640 2535 859 2599; x_wconf 90' lang='lat' dir='ltr'>-Denique</span> <span class='ocrx_word' id='word_1_222' title='bbox 896 2534 1119 2599; x_wconf 86' lang='lat' dir='ltr'>quicquid</span> <span class='ocrx_word' id='word_1_223' title='bbox 1152 2540 1261 2583; x_wconf 86' lang='lat' dir='ltr'>-erat</span> <span class='ocrx_word' id='word_1_224' title='bbox 1286 2533 1347 2583; x_wconf 79' lang='lat' dir='ltr'>in</span> <span class='ocrx_word' id='word_1_225' title='bbox 1385 2551 1479 2599; x_wconf 94' lang='lat' dir='ltr'>quo</span> <span class='ocrx_word' id='word_1_226' title='bbox 1518 2534 1694 2600; x_wconf 83' lang='lat' dir='ltr'>ingenii</span> <span class='ocrx_word' id='word_1_227' title='bbox 1732 2537 1848 2594; x_wconf 87' lang='lat' dir='ltr'>laus,</span> <span class='ocrx_word' id='word_1_228' title='bbox 1888 2546 1972 2588; x_wconf 89' lang='lat' dir='ltr'>aut</span> <span class='ocrx_word' id='word_1_229' title='bbox 2011 2541 2128 2590; x_wconf 88' lang='lat' dir='ltr'>artis</span> <span class='ocrx_word' id='word_1_230' title='bbox 2162 2542 2371 2591; x_wconf 82' lang='lat' dir='ltr'>liberalis</span> <span class='ocrx_word' id='word_1_231' title='bbox 2403 2543 2577 2608; x_wconf 86' lang='lat' dir='ltr'>species</span> 
     </span>
     <span class='ocr_line' id='line_1_26' title="bbox 644 2622 2576 2686; baseline 0.007 -17"><span class='ocrx_word' id='word_1_232' title='bbox 644 2622 891 2678; x_wconf 86' lang='lat' dir='ltr'>enituerat,</span> <span class='ocrx_word' id='word_1_233' title='bbox 937 2622 985 2670; x_wconf 89' lang='lat' dir='ltr'>id</span> <span class='ocrx_word' id='word_1_234' title='bbox 1029 2629 1084 2671; x_wconf 89' lang='lat' dir='ltr'>ut</span> <span class='ocrx_word' id='word_1_235' title='bbox 1134 2628 1322 2686; x_wconf 80' lang='lat' dir='ltr'>caperet</span> <span class='ocrx_word' id='word_1_236' title='bbox 1365 2622 1524 2671; x_wconf 86' lang='lat' dir='ltr'>animo</span> <span class='ocrx_word' id='word_1_237' title='bbox 1577 2623 1757 2675; x_wconf 80' lang='lat' dir='ltr'>summa</span> <span class='ocrx_word' id='word_1_238' title='bbox 1801 2627 2063 2677; x_wconf 89' lang='lat' dir='ltr'>intentione</span> <span class='ocrx_word' id='word_1_239' title='bbox 2109 2630 2362 2679; x_wconf 88' lang='lat' dir='ltr'>nitebatur.</span> <span class='ocrx_word' id='word_1_240' title='bbox 2447 2633 2576 2682; x_wconf 86' lang='lat' dir='ltr'>Insu-</span> 
     </span>
     <span class='ocr_line' id='line_1_27' title="bbox 644 2701 2578 2785; baseline 0.007 -29"><span class='ocrx_word' id='word_1_241' title='bbox 644 2726 730 2774; x_wconf 86' lang='lat' dir='ltr'>per</span> <span class='ocrx_word' id='word_1_242' title='bbox 783 2710 907 2775; x_wconf 87' lang='lat' dir='ltr'>regis</span> <span class='ocrx_word' id='word_1_243' title='bbox 950 2710 1011 2758; x_wconf 81' lang='lat' dir='ltr'>ad</span> <span class='ocrx_word' id='word_1_244' title='bbox 1055 2701 1325 2774; x_wconf 84' lang='lat' dir='ltr'>exemplum</span> <span class='ocrx_word' id='word_1_245' title='bbox 1371 2726 1535 2759; x_wconf 89' lang='lat' dir='ltr'>omnes</span> <span class='ocrx_word' id='word_1_246' title='bbox 1578 2711 1627 2761; x_wconf 92' lang='lat' dir='ltr'>in</span> <span class='ocrx_word' id='word_1_247' title='bbox 1667 2713 1862 2777; x_wconf 87' lang='lat' dir='ltr'>pietatis</span> <span class='ocrx_word' id='word_1_248' title='bbox 1908 2715 2249 2782; x_wconf 66' lang='lat' dir='ltr'>doctrinaeque</span> <span class='ocrx_word' id='word_1_249' title='bbox 2303 2719 2454 2769; x_wconf 84' lang='lat' dir='ltr'>studia</span> <span class='ocrx_word' id='word_1_250' title='bbox 2478 2783 2480 2785; x_wconf 21' lang='grc' dir='ltr'>Ι</span> <span class='ocrx_word' id='word_1_251' title='bbox 2507 2721 2578 2770; x_wconf 88' lang='lat' dir='ltr'>in-</span> 
     </span>
     <span class='ocr_line' id='line_1_28' title="bbox 645 2797 2578 2872; baseline 0.007 -27"><span class='ocrx_word' id='word_1_252' title='bbox 645 2798 942 2855; x_wconf 84' lang='lat' dir='ltr'>cumbebant,</span> <span class='ocrx_word' id='word_1_253' title='bbox 988 2803 1042 2845; x_wconf 92' lang='lat' dir='ltr'>ut</span> <span class='ocrx_word' id='word_1_254' title='bbox 1087 2814 1331 2861; x_wconf 87' lang='lat' dir='ltr'>nunquam</span> <span class='ocrx_word' id='word_1_255' title='bbox 1375 2797 1535 2861; x_wconf 83' lang='lat' dir='ltr'>plures</span> <span class='ocrx_word' id='word_1_256' title='bbox 1564 2798 1742 2849; x_wconf 80' lang='lat' dir='ltr'>intima</span> <span class='ocrx_word' id='word_1_257' title='bbox 1778 2801 2059 2868; x_wconf 83' lang='lat' dir='ltr'>theologiae,</span> <span class='ocrx_word' id='word_1_258' title='bbox 2096 2806 2232 2870; x_wconf 89' lang='lat' dir='ltr'>juris,</span> <span class='ocrx_word' id='word_1_259' title='bbox 2268 2823 2333 2856; x_wconf 88' lang='lat' dir='ltr'>-ac</span> <span class='ocrx_word' id='word_1_260' title='bbox 2378 2808 2578 2872; x_wconf 85' lang='lat' dir='ltr'>philoso-</span> 
     </span>
     <span class='ocr_line' id='line_1_29' title="bbox 647 2882 2575 2957; baseline 0.007 -26"><span class='ocrx_word' id='word_1_261' title='bbox 647 2883 784 2947; x_wconf 89' lang='lat' dir='ltr'>phiae</span> <span class='ocrx_word' id='word_1_262' title='bbox 822 2883 961 2932; x_wconf 83' lang='lat' dir='ltr'>laude</span> <span class='ocrx_word' id='word_1_263' title='bbox 1005 2882 1206 2932; x_wconf 83' lang='lat' dir='ltr'>floruifl&#39;e</span> <span class='ocrx_word' id='word_1_264' title='bbox 1248 2884 1467 2948; x_wconf 89' lang='lat' dir='ltr'>legantur</span> <span class='ocrx_word' id='word_1_265' title='bbox 1510 2885 1635 2950; x_wconf 91' lang='lat' dir='ltr'>apud</span> <span class='ocrx_word' id='word_1_266' title='bbox 1679 2903 1777 2944; x_wconf 90' lang='lat' dir='ltr'>nos,</span> <span class='ocrx_word' id='word_1_267' title='bbox 1824 2906 1967 2953; x_wconf 84' lang='lat' dir='ltr'>quam</span> <span class='ocrx_word' id='word_1_268' title='bbox 2006 2891 2095 2940; x_wconf 90' lang='lat' dir='ltr'>hoc</span> <span class='ocrx_word' id='word_1_269' title='bbox 2134 2899 2363 2957; x_wconf 87' lang='lat' dir='ltr'>tempore.</span> <span class='ocrx_word' id='word_1_270' title='bbox 2454 2895 2575 2944; x_wconf 89' lang='lat' dir='ltr'>Nam</span> 
     </span>
     <span class='ocr_line' id='line_1_30' title="bbox 648 2955 2575 3045; baseline 0.007 -27"><span class='ocrx_word' id='word_1_271' title='bbox 648 2955 756 3019; x_wconf 83' lang='lat' dir='ltr'>cum</span> <span class='ocrx_word' id='word_1_272' title='bbox 799 2971 1025 3020; x_wconf 82' lang='lat' dir='ltr'>tredecim</span> <span class='ocrx_word' id='word_1_273' title='bbox 1078 2971 1357 3037; x_wconf 76' lang='lat' dir='ltr'>theologiae,</span> <span class='ocrx_word' id='word_1_274' title='bbox 1411 2973 1708 3023; x_wconf 88' lang='lat' dir='ltr'>decretorum</span> <span class='ocrx_word' id='word_1_275' title='bbox 1753 2977 1877 3034; x_wconf 71' lang='lat' dir='ltr'>octe,</span> <span class='ocrx_word' id='word_1_276' title='bbox 1922 2978 2243 3044; x_wconf 82' lang='lat' dir='ltr'>philosophiae</span> <span class='ocrx_word' id='word_1_277' title='bbox 2281 2980 2575 3045; x_wconf 84' lang='lat' dir='ltr'>aliarumque</span> 
     </span>
     <span class='ocr_line' id='line_1_31' title="bbox 650 3054 2573 3133; baseline 0.007 -29"><span class='ocrx_word' id='word_1_278' title='bbox 650 3054 945 3106; x_wconf 84' lang='lat' dir='ltr'>scientiarum</span> <span class='ocrx_word' id='word_1_279' title='bbox 978 3058 1169 3122; x_wconf 90' lang='lat' dir='ltr'>plurimi</span> <span class='ocrx_word' id='word_1_280' title='bbox 1207 3056 1494 3122; x_wconf 75' lang='lat' dir='ltr'>prosefl&#39;ores,</span> <span class='ocrx_word' id='word_1_281' title='bbox 1531 3061 1807 3112; x_wconf 65' lang='lat' dir='ltr'>doctoratus</span> <span class='ocrx_word' id='word_1_282' title='bbox 1845 3081 2008 3115; x_wconf 88' lang='lat' dir='ltr'>omnes</span> <span class='ocrx_word' id='word_1_283' title='bbox 2045 3067 2301 3133; x_wconf 86' lang='lat' dir='ltr'>infignibus</span> <span class='ocrx_word' id='word_1_284' title='bbox 2323 3069 2573 3125; x_wconf 86' lang='lat' dir='ltr'>honestati,</span> 
     </span>
     <span class='ocr_line' id='line_1_32' title="bbox 652 3142 2575 3213; baseline 0.008 -23"><span class='ocrx_word' id='word_1_285' title='bbox 652 3142 752 3204; x_wconf 81' lang='lat' dir='ltr'>ejus</span> <span class='ocrx_word' id='word_1_286' title='bbox 796 3160 939 3208; x_wconf 81' lang='lat' dir='ltr'>opera</span> <span class='ocrx_word' id='word_1_287' title='bbox 981 3144 1033 3194; x_wconf 90' lang='lat' dir='ltr'>in</span> <span class='ocrx_word' id='word_1_288' title='bbox 1078 3145 1286 3196; x_wconf 80' lang='lat' dir='ltr'>Scotiam</span> <span class='ocrx_word' id='word_1_289' title='bbox 1332 3154 1656 3207; x_wconf 81' lang='lat' dir='ltr'>evocarentur,</span> <span class='ocrx_word' id='word_1_290' title='bbox 1693 3167 1750 3200; x_wconf 86' lang='lat' dir='ltr'>ac</span> <span class='ocrx_word' id='word_1_291' title='bbox 1784 3152 2035 3204; x_wconf 79' lang='lat' dir='ltr'>beneficiis</span> <span class='ocrx_word' id='word_1_292' title='bbox 2078 3162 2374 3213; x_wconf 82' lang='lat' dir='ltr'>ornarentur,</span> <span class='ocrx_word' id='word_1_293' title='bbox 2418 3156 2575 3205; x_wconf 86' lang='lat' dir='ltr'>adole-</span> 
     </span>
    </p>
   </div>
  </div>
 </body>
</html>
