2938 3900
584 478 641 522 92
1128 469 1215 514 DE
1245 465 1702 512 SCRIPTORIBUS
1734 464 1959 508 Sco‘rls.

782 598 854 647 De
876 594 1123 660 Regimine
1146 594 1406 641 Acutarum
1429 587 1807 653 Aegritudinum.

784 685 1032 734 TraEtatus
1052 681 1111 730 de
1133 675 1453 742 Prognosticis.

783 772 1029 821 TraEkatus
1051 768 1110 816 de
1134 764 1305 815 Urinis.

782 858 1028 906 Tractatus
1048 853 1107 902 de
1130 850 1337 901 Cautelis
1359 849 1629 898 Urinarum.

779 942 983 992 Libellus
1004 941 1063 989 de
1086 937 1310 988 Pulfibus.

779 1028 994 1093 Ejusdem
1025 1027 1274 1075 'hastatus
1303 1024 1363 1073 de
1397 1021 1760 1073 Conservatione
1794 1020 1934 1069 Vitae
1972 1020 2235 1077 Humanae,
2270 1038 2300 1070 a
2329 1022 2406 1071 die
2438 1038 2519 1072 na-

840 1114 1040 1164 tivitatis
1071 1113 1214 1178 usque
1253 1112 1315 1162 ad
1352 1110 1569 1161 ultimam
1604 1110 1772 1159 horam
1805 1108 1984 1165 mortis»
2027 1124 2152 1157 nune
2191 1109 2383 1159 demum
2423 1110 2520 1159 edi-

841 1210 919 1252 tus
940 1217 1082 1266 opere
1104 1201 1163 1250 D.
1185 1198 1423 1250 Joachimi
1443 1195 1663 1252 Bandifii.
1684 1193 1876 1260 Lipfiae,
1902 1195 2043 1246 1570.

584 1290 784 1354 Reliqua
821 1288 978 1339 omnia
1013 1289 1171 1353 Opera
1205 1285 1376 1337 excusa
1412 1286 1519 1335 sunt
1553 1283 1767 1333 Venetiis
1807 1285 1950 1333 1498.
2034 1282 2172 1332 Hisce
2210 1283 2319 1333 sane
2355 1300 2521 1333 monu-

582 1376 751 1427 mentis
793 1373 1149 1440 exquifitiffimis
1192 1381 1241 1423 et
1286 1372 1526 1425 communi
1571 1371 1818 1421 hominum
1869 1371 2018 1427 saluti,
2066 1378 2116 1421 et
2164 1372 2236 1422 rei
2282 1372 2519 1422 literariae

583 1463 914 1519 commoditati,
951 1462 1179 1527 fimulque
1219 1462 1442 1527 propriae
1481 1460 1648 1515 famae,
1688 1456 1982 1522 nominisque
2022 1457 2330 1508 celebrationi
2377 1466 2521 1524 atque

583 1550 938 1607 immortalitati,
977 1549 1047 1599 ita
1081 1549 1345 1600 consultum
1387 1548 1515 1604 fecit,
1551 1553 1607 1596 ut
1633 1546 1743 1610 jure
1783 1544 2029 1595 dubitetur
2066 1552 2228 1597 utrum
2266 1547 2521 1611 praeclaris

583 1638 756 1703 ingenii
789 1638 988 1694 dotibus,
1021 1654 1083 1687 an
1113 1653 1226 1687 vero
1258 1636 1357 1701 ipsa
1385 1642 1583 1685 naturae
1617 1633 1843 1689 bonitate,
1876 1632 1984 1697 plus
2014 1634 2073 1683 de
2108 1634 2320 1684 humano
2347 1651 2521 1700 genere

583 1725 904 1788 promeruerit.
970 1724 1153 1776 Claruit
1175 1739 1301 1774 anno
1321 1722 1503 1788 gratiae
1526 1723 1670 1778 1498,
1693 1720 1781 1770 sub
1798 1720 1982 1771 «Iacobo
2004 1721 2188 1779 Quarto
2211 1722 2476 1772 Scotorum.

1147 1920 1235 1968 DE
1269 1918 1517 1969 GAVINO
1552 1916 1934 1967 DOUGLASIO.

587 2074 821 2123 Gavnms
876 2074 1210 2130 DOUGLASIUQ
1267 2072 1524 2138 Episcopus
1579 2070 1933 2128 DunkeldenfiS,
1985 2071 2260 2123 clariffimae
2315 2074 2522 2123 familiae

585 2159 763 2217 Scotua
804 2168 907 2211 erat
945 2161 1072 2211 enim
1110 2161 1296 2211 comitis
1330 2158 1563 2225 Angufiae
1598 2166 1808 2224 patruuS,
1849 2177 1880 2209 a
1917 2160 2075 2225 prima
2104 2168 2262 2211 aetate
2296 2162 2346 2210 in
2387 2163 2523 2211 bonis

586 2247 732 2296 literis
761 2248 1021 2306 institutum
1053 2265 1161 2298 cum
1194 2248 1322 2298 enim
1355 2247 1512 2298 indole
1543 2246 1658 2296 efl'et
1689 2247 1944 2311 praeclara,
1974 2247 2222 2298 literarum
2252 2250 2522 2315 artiumque

586 2334 868 2398 optimarum
929 2335 1090 2385 studiis
1142 2352 1171 2383 a
1226 2335 1500 2399 parentibus
1559 2334 1868 2391 consecratus,
1928 2334 2202 2385 doetiffimis
2260 2337 2311 2385 in
2367 2337 2523 2386 schola

587 2421 740 2483 patria
770 2420 878 2471 usus
907 2422 972 2472 est
998 2422 1392 2486 praeceptoribus,
1414 2422 1464 2471 in
1494 2421 1713 2471 omnibus
1739 2421 1920 2486 pariter
1958 2421 2212 2487 disciplinis
2242 2431 2292 2473 et
2320 2423 2523 2473 scientiis

588 2508 764 2571 optime
806 2508 1023 2565 versatus,
1068 2525 1165 2559 non
1203 2509 1326 2558 levia
1367 2506 1716 2573 praeclariffimi
1759 2514 1809 2558 et
1852 2509 1982 2558 acuti
2026 2509 2204 2575 ingenii
2242 2519 2524 2576 argumenta

588 2595 816 2658 praebuit.
904 2595 1060 2647 Homo
1098 2596 1312 2647 omnium
1344 2596 1525 2661 judicio
1563 2594 1939 2660 elegantissimus,
1979 2597 2300 2663 philosophiae
2343 2601 2524 2664 pariter

590 2688 639 2729 et
687 2682 952 2747 theologiae
996 2682 1157 2733 studiis
1202 2682 1379 2734 summe
1431 2682 1632 2739 deditae,
1675 2681 1880 2733 summos
1930 2683 1980 2733 in
2029 2692 2231 2750 utraque
2281 2687 2521 2752 sapientia,

590 2774 689 2817 tam
724 2768 882 2819 divina
914 2785 1057 2833 quam
1091 2769 1311 2826 humana.
1345 2770 1548 2819 honores
1576 2784 1686 2818 cum
1718 2769 1857 2819 laude
1892 2770 2069 2820 ibidem
2099 2774 2386 2837 promeritus
2418 2775 2522 2824 fuit.

591 2854 647 2902 In
677 2854 846 2907 divinis
878 2855 1133 2920 Scripttiris
1168 2856 1305 2906 valde
1338 2855 1564 2906 studiosus
1599 2861 1650 2904 et
1681 2855 1906 2914 eruditus,
1941 2864 2087 2922 atque
2117 2859 2168 2907 in
2197 2859 2394 2910 seculari
2422 2862 2527 2927 phi-

593 2940 799 3005 losophia
831 2941 951 2994 nulli
979 2942 1062 2993 suo
1100 2950 1315 3008 tempore
1346 2942 1608 2998 secundum
1642 2941 1692 2992 in
1721 2950 1824 2992 arte
1853 2943 1999 2994 etiam
2029 2946 2217 3010 poetica
2253 2949 2421 3006 clarus,
2454 2950 2525 2998 in-

591 3028 729 3091 genio
764 3028 955 3087 subtilis.
991 3028 1179 3094 eloquio
1212 3029 1518 3086 scholasticus,
1550 3029 1651 3079 vita
1682 3037 1732 3080 et
1766 3031 2116 3083 conversatione
2149 3035 2347 3085 devotus
2379 3043 2524 3101 atque

594 3111 930 3167 sanetiffimns:
975 3114 1048 3167 vir
1085 3115 1216 3166 omni
1251 3115 1551 3167 scientiarum
1579 3133 1754 3182 genere
1789 3118 2137 3179 excultiffimus,
2175 3123 2258 3187 qui
2292 3124 2356 3172 oh
2393 3123 2524 3171 lucu-

595 3200 841 3257 brationes
897 3217 1017 3265 quae
1072 3201 1210 3265 quale
1259 3202 1402 3252 fuerit
1451 3202 1576 3253 vitae
1625 3205 1726 3270 ejus
1769 3207 2058 3258 curriculum
2099 3208 2211 3259 satis
2261 3209 2520 3265 ostendunt,

596 3284 732 3334 citius
786 3286 1087 3339 admirandus
1141 3304 1286 3352 quam
1334 3288 1609 3348 mutandus.
1655 3289 1936 3357 singularem
1986 3294 2267 3345 immortalis
2320 3296 2524 3345 nominis
