2938 3900
1017 427 1103 469 DE
1159 428 1618 473 SCRIPTORIBUS
1666 430 1889 473 SCOTIS.
2356 438 2412 477 85

671 552 925 600 Lecturam
950 551 1304 602 Sententiarum
1327 555 1406 603 lib.
1431 569 1501 603 lv.

668 639 1045 690 Commentarios
1068 641 1423 707 Metaphyfices,
1448 643 1527 692 lib.
1554 658 1645 694 XII.

666 728 846 777 Contra
868 712 1214 793 Propofitiones
1238 729 1448 787 Wiclevi‚
1473 730 1552 779 lib.
1578 745 1609 779 1.

665 816 820 880 Super
843 817 968 866 Ideis
991 817 1210 882 ejusdem,
1235 818 1314 867 lib.
1340 833 1372 866 1.

664 902 737 951 De
761 902 867 952 Effe
891 905 1198 970 Intelligibili,
1223 906 1303 954 lib.
1328 921 1361 954 1.

662 992 738 1039 Ad
761 993 994 1056 quaedam
1017 993 1142 1042 Loca
1164 993 1369 1059 allegata
1391 994 1470 1043 lib.
1496 1008 1527 1040 1.

661 1079 964 1136 Quaestiones
987 1081 1154 1138 varias,
1179 1082 1259 1131 lib.
1285 1097 1317 1130 1.

659 1166 934 1231 Scripturae
961 1169 1008 1217 S.
1033 1170 1306 1226 Praeconia‚
1331 1170 1410 1219 lib.
1435 1185 1468 1217 1.

662 1255 719 1301 In
741 1256 1016 1305 canonicam
1038 1258 1220 1314 Jacobi‚
1245 1258 1324 1306 lib.
1350 1272 1403 1306 11.

655 1344 711 1391 In
735 1343 1044 1401 Ezechielem,
1068 1345 1148 1393 lib.
1172 1360 1205 1392 1.

653 1429 726 1477 De
750 1428 964 1479 Paffione
988 1430 1172 1487 Christi,
1198 1431 1276 1480 lib.
1302 1446 1334 1479 1.

651 1517 724 1566 De
748 1516 930 1580 Spiritu
955 1517 1146 1574 Sancto,
1171 1518 1250 1566 lib.
1276 1532 1308 1566 Ι.

451 1605 514 1652 Et
553 1604 647 1652 alia
687 1604 893 1668 plurima
934 1605 983 1653 in
1025 1605 1254 1670 Catalogo
1294 1605 1589 1670 Scriptorum
1626 1608 1849 1673 exprefla.
1943 1611 2151 1659 Tandem
2193 1612 2393 1662 Eboraci

450 1692 499 1739 in
534 1691 724 1740 suorum
765 1693 990 1741 Fratrum
1025 1693 1252 1742 coenobio
1286 1693 1336 1741 in
1368 1694 1587 1743 humanis
1621 1694 1711 1745 effe
1747 1696 1878 1746 defiit
1912 1715 2036 1747 anno
2059 1700 2119 1748 ab
2149 1700 2391 1749 incarnato

450 1780 539 1830 Dei
565 1781 723 1830 Verbo
749 1784 890 1838 1399,
915 1784 948 1829 4
971 1782 1040 1830 Id.
1067 1781 1195 1839 Maii,
1220 1782 1420 1831 Roberti
1445 1783 1591 1832 Tertii
1613 1790 1841 1849 tempore.

1000 1979 1088 2027 DE
1120 1979 1370 2028 JACOBO
1405 1980 1612 2029 PRIMO
1648 1982 1836 2031 REGE.

440 2132 473 2178 J
475 2146 667 2183 AGOBUS
716 2132 1046 2189 STEWARTUS‚
1100 2133 1199 2197 ejus
1246 2133 1449 2182 nominis
1499 2135 1749 2184 Scotorum
1794 2137 1901 2186 Rex
1945 2137 2137 2200 primus,
2185 2139 2384 2187 Roberti

442 2220 589 2268 Tertii
633 2219 770 2269 filius.
859 2221 906 2269 Is
951 2221 1309 2284 quatuordecim
1355 2229 1494 2271 natus
1539 2240 1699 2281 annos,
1745 2241 1775 2273 a
1819 2230 1954 2288 patre
2005 2232 2052 2273 et
2099 2226 2232 2290 regni
2277 2242 2383 2290 pro-

438 2308 625 2356 ceribus
671 2308 732 2356 ad
777 2307 1041 2357 Galliarum
1085 2325 1248 2373 regem
1293 2307 1453 2357 miffus
1505 2318 1645 2368 erat;
1703 2313 1817 2360 dum
1873 2319 2034 2361 autem
2080 2313 2129 2361 in
2176 2314 2380 2362 Galliam

437 2397 628 2461 cogitat,
670 2395 856 2444 emenso
901 2395 1145 2461 aliquanto
1191 2396 1355 2445 oceani
1399 2397 1559 2461 spatio,
1607 2400 1722 2447 dum
1770 2399 1904 2447 littus
1950 2399 2077 2463 legit,
2125 2400 2185 2448 ad
2225 2401 2379 2449 Flam-

437 2488 641 2549 burgum
698 2485 1076 2548 promontorium
1127 2484 1217 2533 five
1270 2484 1559 2549 tempestatis
1608 2484 1654 2532 vi
1700 2484 1906 2540 coactus,
1960 2483 2050 2532 five
2099 2492 2152 2532 ut
2197 2502 2223 2533 e
2264 2503 2378 2534 nau-

436 2573 511 2620 sea
554 2572 738 2621 marina
787 2573 834 2621 se
886 2573 1133 2637 paululum
1182 2579 1432 2629 recrearet,
1491 2571 1740 2628 descendit,
1797 2573 1856 2619 ab
1916 2570 2171 2635 Anglisque
2221 2579 2376 2620 reten-

434 2668 523 2715 tus,
577 2667 626 2708 et
671 2678 701 2708 a
744 2677 869 2724 rege,
919 2660 1130 2709 consulto
1190 2660 1304 2724 quid
1357 2676 1414 2708 eo
1465 2659 1568 2708 fieri
1625 2659 1751 2715 velit,
1809 2659 1859 2707 in
1909 2660 2066 2708 aulam
2123 2659 2371 2716 arceffitus,

433 2748 606 2812 ibique,
642 2765 703 2796 ex
740 2748 926 2797 concilii
959 2747 1163 2804 decreto,
1195 2747 1409 2811 captivus
1442 2747 1507 2796 est
1541 2747 1772 2797 detentus.
1842 2747 1900 2795 In
1930 2754 2122 2811 captum
2150 2755 2310 2796 tamen
2343 2765 2372 2796 a

430 2853 540 2901 rege
577 2836 734 2901 Anglo
779 2836 870 2884 hoc
904 2852 1053 2884 unum
1091 2835 1352 2884 liberaliter
1390 2841 1440 2882 et
1476 2833 1605 2898 regie
1640 2833 1705 2882 est
1738 2833 2013 2890 consultum,
2056 2835 2182 2897 quod
2221 2832 2369 2882 literis

429 2932 477 2972 et
511 2923 704 2972 honesta
731 2923 973 2987 disciplina
999 2939 1109 2971 eum
1143 2921 1479 2971 instituendum
1513 2920 1708 2976 curavit,
1738 2920 1960 2970 adhibitis
1994 2920 2038 2969 ei
2070 2921 2365 2985 paedagogis,

429 3028 632 3075 quorum
673 3010 915 3060 scientiam
954 3026 1144 3059 omnem
1183 3026 1279 3059 non
1318 3016 1546 3071 tanquam
1585 3024 1704 3071 puer
1739 3005 1980 3063 imbibiffe,
2021 3007 2099 3056 sed
2136 3015 2364 3072 tanquam

427 3099 596 3147 summi
633 3098 800 3163 judicii
839 3098 912 3146 vir
951 3095 1144 3145 haufifl'e
1183 3097 1476 3161 putabatur3
1528 3095 1653 3143 unde
1700 3095 1920 3143 effectum
1960 3095 2036 3151 est,
2078 3103 2131 3143 ut
2171 3097 2362 3145 annales

426 3187 568 3235 nostri
597 3186 822 3241 referunt,
856 3192 911 3233 ut
941 3190 1076 3233 tanta
1105 3182 1230 3232 illius
1264 3198 1420 3232 mores
1454 3181 1673 3246 poliverit
1704 3182 1950 3246 elegantia,
1978 3190 2204 3247 tantaque
2236 3184 2360 3238 illius
