2938 3900
1011 459 1097 502 DE
1130 460 1585 504 SCRIPTORIBUS
1618 461 1840 504 SCOTIS.
2291 467 2374 513 119

454 587 528 636 his
573 584 759 633 verbis:
809 591 835 610 ‘⁶
859 584 981 632 Cum
1017 583 1176 631 divina
1212 584 1510 648 providentia
1551 585 1732 634 fastum
1778 583 1902 642 effet,
1951 593 2005 634 ut
2049 587 2208 651 aliqua
2251 589 2391 637 nostri

452 672 615 737 populi
650 672 925 720 moderandi
964 672 1178 735 potestas,
1220 672 1337 720 mihi
1375 671 1493 720 nihil
1530 670 1719 720 fortafl'e
1759 673 1974 729 merenti,
2016 674 2066 721 in
2105 674 2201 738 ipsa
2241 675 2392 723 statim

454 759 765 808 adolescentia
800 760 1079 815 traderetur,
1125 775 1182 808 ac
1219 759 1504 822 procedente
1539 759 1733 808 tandem
1778 766 1934 809 aetate
1978 777 2151 809 munus
2195 761 2263 809 ita
2308 778 2391 810 au-

454 855 647 912 geretur
681 864 889 904 munere,
936 855 992 895 ut
1035 846 1231 894 ultimus
1274 846 1458 909 semper
1491 846 1637 902 labor,
1683 846 1767 910 qui
1810 846 1914 896 aliis
1960 848 2114 896 honor
2157 848 2307 896 videri
2345 856 2394 896 et

455 936 547 984 diei
596 936 725 991 solet,
772 936 832 984 ad
880 935 1151 998 sequentem
1196 939 1246 980 et
1290 932 1599 981 difficiliorem
1643 934 1807 991 multo,
1853 941 1902 983 et
1946 934 2084 999 longe
2129 935 2395 999 graviorem

455 1022 582 1086 quasi
621 1023 795 1086 gradus
840 1022 1034 1086 quidam
1075 1020 1327 1075 videretur,
1366 1020 1435 1068 ita
1455 1034 1670 1067 meorum
1713 1020 1971 1069 studiorum
2012 1021 2219 1070 rationes
2271 1021 2396 1071 insti-

453 1110 654 1158 tuendas
686 1110 859 1165 curavi,
894 1115 948 1156 ut
982 1108 1091 1156 illae
1129 1107 1179 1154 in
1214 1106 1379 1170 primis
1415 1123 1492 1154 res
1522 1123 1643 1170 quae
1680 1107 1920 1156 hominem
1957 1108 2181 1172 ejufinodi
2214 1109 2394 1172 reipub.

455 1197 729 1245 muneribus
773 1196 1055 1260 implicitum
1096 1200 1328 1242 exornant
1372 1194 1591 1250 maxime,
1636 1194 1687 1242 in
1730 1195 1849 1244 meis
1892 1195 2158 1244 affiionibus
2202 1202 2252 1243 et
2296 1195 2394 1245 vita

455 1284 614 1346 aliquo
654 1284 794 1331 modo
831 1282 1106 1337 eminerent,
1147 1297 1207 1328 ne
1243 1279 1319 1328 vel
1349 1279 1418 1335 iis,
1451 1281 1533 1344 qui
1568 1282 1686 1331 haee
1719 1281 1839 1329 mihi
1876 1298 2075 1332 munera
2111 1283 2394 1338 detulerant,

457 1369 687 1432 indignus,
747 1367 821 1415 vel
878 1354 1073 1432 patriae,
1133 1382 1253 1429 quae
1309 1366 1624 1424 confirmarat,
1677 1366 1890 1430 ingratus
1949 1368 2140 1417 omnino
2198 1367 2395 1417 viderer.

456 1457 615 1513 Quare
650 1471 758 1503 cum
793 1455 843 1502 in
884 1454 1078 1518 legibus,
1121 1459 1169 1500 et
1199 1452 1249 1499 in
1286 1450 1477 1500 historia
1508 1452 1714 1516 ipsarum
1746 1454 1905 1518 legum
1938 1452 2186 1504 eertiffima
2221 1455 2396 1517 regula,

455 1543 716 1593 maximum
770 1543 951 1607 reipub.
1008 1525 1398 1591 administrandae
1448 1547 1742 1589 momentum
1796 1539 1997 1604 politum
2046 1538 2136 1589 efl'e
2193 1540 2400 1589 animad-

458 1637 706 1685 verterem,
752 1630 928 1693 partim
974 1628 1158 1692 legibus
1202 1628 1389 1691 publice
1436 1626 1814 1690 interpretandis,
1859 1627 2035 1690 partim
2079 1626 2400 1675 controverfiis

455 1735 542 1782 pro
575 1716 802 1766 tribunali
840 1715 1114 1764 dirimendis
1149 1730 1341 1778 operam
1377 1713 1559 1770 navavi,
1594 1719 1643 1761 et
1672 1712 1949 1769 historiam,''
1984 1719 2072 1761 ete.
2139 1712 2269 1760 Haec
2305 1712 2397 1761 ille.

458 1803 707 1869 Progrefl'u
747 1804 892 1852 etiam
931 1801 1159 1866 temporis
1197 1803 1258 1850 ad
1303 1800 1621 1865 episcopatum
1659 1800 1853 1847 evefitus
1897 1799 1962 1848 est
2003 1799 2053 1847 in
2099 1797 2255 1848 Roffia
2291 1815 2399 1862 pro-

458 1893 645 1942 vincia:
697 1891 789 1939 fuit
834 1890 979 1938 etiam
1034 1889 1214 1938 Mariae
1275 1887 1488 1952 Reginae
1532 1902 1562 1933 a
1604 1884 1805 1940 seeretis,
1852 1890 1900 1933 et
1946 1884 2195 1948 aliquoties
2240 1891 2399 1934 orator

459 1980 505 2029 S.
545 1981 603 2027 R.
641 1979 696 2026 E.
734 1978 784 2026 in
824 1976 998 2041 Anglia
1037 1982 1085 2024 et
1126 1975 1293 2024 Gallia.
1363 1974 1524 2023 Primo
1567 1978 1670 2020 erat
1699 1970 1823 2035 juris
1866 1971 2108 2035 utriusque
2144 1971 2311 2020 (1οᾶοΓ
2348 1971 2399 2020 in

458 2066 716 2115 Academia
760 2062 1091 2119 Aberdonenfi,
1136 2061 1476 2126 primariusque
1512 2059 1716 2123 ejusdem
1759 2057 1946 2107 dioeefis
1980 2058 2141 2122 judex,
2180 2057 2392 2106 officialis

459 2155 629 2202 difflms.
708 2151 858 2200 Paulo
902 2151 1002 2214 post
1046 2149 1288 2213 supremae
1334 2148 1491 2197 curiae
1535 2146 1734 2201 senator,
1783 2145 2067 2209 reginaeque
2113 2162 2142 2193 a
2187 2144 2395 2200 consiliis,

459 2248 506 2288 et
559 2239 800 2303 episeopus
859 2236 1087 2286 Roffenfis
1143 2236 1447 2285 renunciatus
1499 2233 1576 2281 est.
1667 2233 1884 2297 Denique
1939 2233 2066 2280 hune
2122 2231 2398 2281 eruditionis

461 2327 650 2375 nomine
684 2325 877 2373 laudare
911 2340 1115 2387 aequum
1158 2323 1222 2370 est
1247 2341 1256 2370 :
1299 2338 1488 2370 omnem
1529 2319 1819 2368 humanioris
1854 2319 2127 2367 literaturae
2164 2324 2396 2373 ornatum,

459 2414 633 2478 partim
674 2412 724 2460 in
763 2411 919 2460 schola
958 2409 1125 2474 patria,
1163 2407 1337 2472 partim
1375 2407 1489 2456 alibi
1523 2407 1709 2455 abunde
1754 2405 1983 2455 hauserat.
2075 2406 2132 2453 In
2167 2405 2397 2469 jurispru-

460 2500 621 2548 dentia
666 2498 820 2546 clarus
865 2503 980 2552 erat,
1027 2496 1078 2544 in
1124 2493 1417 2559 philosophia
1459 2493 1603 2542 etiam
1647 2493 1902 2541 admodum
1954 2499 2121 2541 acutus
2150 2510 2161 2548 ;
2217 2492 2397 2541 theolo-

460 2586 587 2649 giam
625 2601 738 2633 vero
782 2600 878 2632 non
912 2599 1094 2646 puram,
1138 2581 1217 2630 sed
1256 2579 1495 2629 erroribus
1530 2587 1578 2630 et
1612 2580 1782 2628 ritibus
1825 2579 2078 2642 pontificiis
2123 2579 2394 2633 involutam,

459 2673 636 2722 didicit.
706 2669 895 2734 Soripfit
918 2676 1080 2718 autem

660 2757 821 2806 Animi
845 2756 1024 2805 Afflie'ci
1048 2754 1408 2809 Consolationes,
1432 2754 1512 2801 lib.
1537 2766 1569 2799 Ι.

658 2843 820 2893 Animi
846 2841 1106 2906 Tranquilli
1130 2839 1370 2895 Remedia,
1395 2839 1474 2887 lib.
1499 2853 1530 2887 Ι.
1602 2839 1659 2886 In
1682 2839 1851 2886 oetavo
1877 2836 2060 2898 Parifiis
2083 2843 2260 2886 extant.

662 2931 734 2978 De
758 2929 965 2993 Origine,
989 2928 1214 2983 Moribus,
1239 2933 1287 2974 et
1311 2925 1460 2974 Gestis
1484 2926 1744 2979 Scotorum,
1769 2924 1847 2971 lib.
1872 2938 1922 2970 x.
1946 2923 2229 2972 Chronieon.

660 3019 755 3067 Pro
777 3017 810 3064 J
811 3033 896 3064 ure
921 3013 1204 3064 Sereniffimi
1227 3012 1384 3076 Regis.

660 3104 1032 3167 Descriptionem
1077 3100 1275 3154 Scotiae,
1316 3114 1412 3145 una
1446 3113 1555 3144 eum
1593 3096 1784 3144 Tabella
1812 3095 2169 3159 topographia&
2214 3095 2394 3143 Romae

730 3192 867 3254 impr.
894 3189 1036 3239 1578.

464 3281 528 3329 Et
573 3279 678 3327 alia.
753 3278 961 3326 Tandem
1005 3276 1103 3323 fato
1147 3274 1340 3321 ᾗιηᾶιιε
1379 3271 1443 3319 est
1483 3268 1783 3333 [Bruxellae]
1821 3284 1946 3316 anno
1979 3267 2201 3317 salutiferi
2234 3274 2397 3332 partus

466 3367 660 3432 [1596,]
686 3367 800 3415 dum
823 3365 872 3412 in
896 3363 1055 3414 Scotia
1076 3378 1235 3411 rerum
1258 3359 1490 3423 potiretur
1511 3357 1718 3405 Jacobus
1741 3356 1926 3404 Sextus.
