<?xml version="1.0" encoding="UTF-8"?>
<!DOCTYPE html PUBLIC "-//W3C//DTD XHTML 1.0 Transitional//EN"
    "http://www.w3.org/TR/xhtml1/DTD/xhtml1-transitional.dtd">
<html xmlns="http://www.w3.org/1999/xhtml" xml:lang="en" lang="en">
 <head>
  <title>
</title>
<meta http-equiv="Content-Type" content="text/html;charset=utf-8" />
  <meta name='ocr-system' content='tesseract 3.04.00' />
  <meta name='ocr-capabilities' content='ocr_page ocr_carea ocr_par ocr_line ocrx_word'/>
</head>
<body>
  <div class='ocr_page' id='page_1' title='image "./descriptoribus5500buchuoft_0134.png"; bbox 0 0 2938 3900; ppageno 0'>
   <div class='ocr_carea' id='block_1_1' title="bbox 558 396 1927 446">
    <p class='ocr_par' dir='ltr' id='par_1_1' title="bbox 558 396 1927 446">
     <span class='ocr_line' id='line_1_1' title="bbox 558 396 1927 446; baseline -0.006 0"><span class='ocrx_word' id='word_1_1' title='bbox 558 404 643 446; x_wconf 77' lang='lat'><strong>112</strong></span> <span class='ocrx_word' id='word_1_2' title='bbox 1077 401 1162 444; x_wconf 77' lang='lat' dir='ltr'><strong>DE</strong></span> <span class='ocrx_word' id='word_1_3' title='bbox 1209 397 1661 444; x_wconf 83' lang='lat' dir='ltr'>SCRIPTORIBUS</span> <span class='ocrx_word' id='word_1_4' title='bbox 1704 396 1927 441; x_wconf 85' lang='lat' dir='ltr'>SCOTIS.</span> 
     </span>
    </p>
   </div>
   <div class='ocr_carea' id='block_1_2' title="bbox 557 518 2496 1800">
    <p class='ocr_par' dir='ltr' id='par_1_2' title="bbox 557 518 2496 1800">
     <span class='ocr_line' id='line_1_2' title="bbox 559 518 2492 593; baseline -0.005 -18"><span class='ocrx_word' id='word_1_5' title='bbox 559 526 809 593; x_wconf 74' lang='lat' dir='ltr'><strong>impress&#39;03</strong></span> <span class='ocrx_word' id='word_1_6' title='bbox 860 525 1281 592; x_wconf 71' lang='lat' dir='ltr'><strong>Harpocrationem</strong></span> <span class='ocrx_word' id='word_1_7' title='bbox 1332 539 1440 572; x_wconf 87' lang='lat' dir='ltr'><strong>cum</strong></span> <span class='ocrx_word' id='word_1_8' title='bbox 1485 538 1616 577; x_wconf 84' lang='lat' dir='ltr'><strong>uno;</strong></span> <span class='ocrx_word' id='word_1_9' title='bbox 1669 520 1922 570; x_wconf 89' lang='lat' dir='ltr'><strong>Historiam</strong></span> <span class='ocrx_word' id='word_1_10' title='bbox 1977 518 2339 569; x_wconf 81' lang='lat' dir='ltr'><strong>Ecclefiasticam</strong></span> <span class='ocrx_word' id='word_1_11' title='bbox 2400 519 2492 566; x_wconf 87' lang='lat' dir='ltr'><strong>Eu-</strong></span> 
     </span>
     <span class='ocr_line' id='line_1_3' title="bbox 559 606 2493 670; baseline -0.005 -6"><span class='ocrx_word' id='word_1_12' title='bbox 559 615 683 670; x_wconf 83' lang='lat' dir='ltr'><strong>sebii,</strong></span> <span class='ocrx_word' id='word_1_13' title='bbox 721 612 1016 668; x_wconf 84' lang='lat' dir='ltr'><strong>Tbeodoreti,</strong></span> <span class='ocrx_word' id='word_1_14' title='bbox 1053 610 1272 666; x_wconf 79' lang='lat' dir='ltr'><strong>Socratis,</strong></span> <span class='ocrx_word' id='word_1_15' title='bbox 1308 616 1357 658; x_wconf 90' lang='lat' dir='ltr'><strong>et</strong></span> <span class='ocrx_word' id='word_1_16' title='bbox 1400 608 1615 664; x_wconf 87' lang='lat' dir='ltr'><strong>aliorum,</strong></span> <span class='ocrx_word' id='word_1_17' title='bbox 1650 622 1760 657; x_wconf 82' lang='lat' dir='ltr'><strong>cum</strong></span> <span class='ocrx_word' id='word_1_18' title='bbox 1799 606 1996 663; x_wconf 84' lang='lat' dir='ltr'><strong>duobus,</strong></span> <span class='ocrx_word' id='word_1_19' title='bbox 2041 606 2205 656; x_wconf 88' lang='lat' dir='ltr'><strong>multis</strong></span> <span class='ocrx_word' id='word_1_20' title='bbox 2245 607 2359 656; x_wconf 87' lang='lat' dir='ltr'><strong>loeis</strong></span> <span class='ocrx_word' id='word_1_21' title='bbox 2400 623 2493 655; x_wconf 91' lang='lat' dir='ltr'><strong>non</strong></span> 
     </span>
     <span class='ocr_line' id='line_1_4' title="bbox 560 691 2493 761; baseline -0.005 -11"><span class='ocrx_word' id='word_1_22' title='bbox 560 702 705 752; x_wconf 86' lang='lat' dir='ltr'><strong>solum</strong></span> <span class='ocrx_word' id='word_1_23' title='bbox 743 701 1051 755; x_wconf 81' lang='lat' dir='ltr'><strong>emendatam,</strong></span> <span class='ocrx_word' id='word_1_24' title='bbox 1089 697 1168 747; x_wconf 89' lang='lat' dir='ltr'><strong>sed</strong></span> <span class='ocrx_word' id='word_1_25' title='bbox 1208 695 1405 761; x_wconf 76' lang='lat' dir='ltr'><strong>integris</strong></span> <span class='ocrx_word' id='word_1_26' title='bbox 1435 695 1535 744; x_wconf 82' lang='lat' dir='ltr'><strong>fere</strong></span> <span class='ocrx_word' id='word_1_27' title='bbox 1571 692 1753 759; x_wconf 84' lang='lat' dir='ltr'><strong>paginis</strong></span> <span class='ocrx_word' id='word_1_28' title='bbox 1794 691 2017 743; x_wconf 67' lang='lat' dir='ltr'><strong>auctam:</strong></span> <span class='ocrx_word' id='word_1_29' title='bbox 2056 692 2493 743; x_wconf 84' lang='lat' dir='ltr'><strong>Animadverfiones</strong></span> 
     </span>
     <span class='ocr_line' id='line_1_5' title="bbox 559 779 2491 855; baseline -0.004 -18"><span class='ocrx_word' id='word_1_30' title='bbox 559 791 606 838; x_wconf 90' lang='lat' dir='ltr'><strong>in</strong></span> <span class='ocrx_word' id='word_1_31' title='bbox 644 790 914 855; x_wconf 81' lang='lat' dir='ltr'><strong>Diogenem,</strong></span> <span class='ocrx_word' id='word_1_32' title='bbox 953 786 1002 835; x_wconf 91' lang='lat' dir='ltr'><strong>iu</strong></span> <span class='ocrx_word' id='word_1_33' title='bbox 1035 785 1297 840; x_wconf 76' lang='lat' dir='ltr'><strong>Platonem,</strong></span> <span class='ocrx_word' id='word_1_34' title='bbox 1331 783 1382 832; x_wconf 89' lang='lat' dir='ltr'><strong>in</strong></span> <span class='ocrx_word' id='word_1_35' title='bbox 1417 781 1671 838; x_wconf 85' lang='lat' dir='ltr'><strong>Laertium,</strong></span> <span class='ocrx_word' id='word_1_36' title='bbox 1707 781 1758 830; x_wconf 90' lang='lat' dir='ltr'><strong>in</strong></span> <span class='ocrx_word' id='word_1_37' title='bbox 1793 779 2053 837; x_wconf 85' lang='lat' dir='ltr'><strong>Euclidem,</strong></span> <span class='ocrx_word' id='word_1_38' title='bbox 2089 779 2139 828; x_wconf 93' lang='lat' dir='ltr'><strong>in</strong></span> <span class='ocrx_word' id='word_1_39' title='bbox 2179 780 2491 836; x_wconf 80' lang='lat' dir='ltr'><strong>Athenaeum,</strong></span> 
     </span>
     <span class='ocr_line' id='line_1_6' title="bbox 559 866 2492 935; baseline -0.004 -12"><span class='ocrx_word' id='word_1_40' title='bbox 559 876 605 924; x_wconf 91' lang='lat' dir='ltr'><strong>in</strong></span> <span class='ocrx_word' id='word_1_41' title='bbox 644 874 977 929; x_wconf 82' lang='lat' dir='ltr'><strong>Herodianum,</strong></span> <span class='ocrx_word' id='word_1_42' title='bbox 1021 872 1071 921; x_wconf 90' lang='lat' dir='ltr'><strong>in</strong></span> <span class='ocrx_word' id='word_1_43' title='bbox 1117 870 1319 920; x_wconf 83' lang='lat' dir='ltr'><strong>Theonis</strong></span> <span class='ocrx_word' id='word_1_44' title='bbox 1366 868 1608 935; x_wconf 77' lang='lat' dir='ltr'><strong>Sophistae</strong></span> <span class='ocrx_word' id='word_1_45' title='bbox 1654 866 2086 933; x_wconf 83' lang='lat' dir='ltr'><strong>Progymnasmata,</strong></span> <span class='ocrx_word' id='word_1_46' title='bbox 2135 866 2186 916; x_wconf 92' lang='lat' dir='ltr'><strong>in</strong></span> <span class='ocrx_word' id='word_1_47' title='bbox 2231 866 2492 917; x_wconf 87' lang='lat' dir='ltr'><strong>Diodorum</strong></span> 
     </span>
     <span class='ocr_line' id='line_1_7' title="bbox 563 953 2494 1025; baseline -0.005 -14"><span class='ocrx_word' id='word_1_48' title='bbox 563 963 784 1016; x_wconf 90' lang='lat' dir='ltr'><strong>Siculum,</strong></span> <span class='ocrx_word' id='word_1_49' title='bbox 825 961 875 1010; x_wconf 92' lang='lat' dir='ltr'><strong>in</strong></span> <span class='ocrx_word' id='word_1_50' title='bbox 915 958 1072 1025; x_wconf 84' lang='lat' dir='ltr'><strong>Lyfiae</strong></span> <span class='ocrx_word' id='word_1_51' title='bbox 1119 958 1259 1019; x_wconf 74' lang='grc' dir='ltr'>Λόγον</span> <span class='ocrx_word' id='word_1_52' title='bbox 1308 958 1536 1017; x_wconf 67' lang='grc' dir='ltr'><strong>ἐπιτάφιον,</strong></span> <span class='ocrx_word' id='word_1_53' title='bbox 1576 956 1628 1005; x_wconf 90' lang='lat' dir='ltr'><strong>in</strong></span> <span class='ocrx_word' id='word_1_54' title='bbox 1665 954 1971 1021; x_wconf 88' lang='lat' dir='ltr'><strong>Apollonium</strong></span> <span class='ocrx_word' id='word_1_55' title='bbox 2017 953 2405 1010; x_wconf 82' lang='lat' dir='ltr'><strong>Grammaticum‚</strong></span> <span class='ocrx_word' id='word_1_56' title='bbox 2447 956 2494 1003; x_wconf 91' lang='lat' dir='ltr'><strong>in</strong></span> 
     </span>
     <span class='ocr_line' id='line_1_8' title="bbox 562 1041 2495 1112; baseline -0.004 -13"><span class='ocrx_word' id='word_1_57' title='bbox 562 1049 800 1099; x_wconf 89' lang='lat' dir='ltr'><strong>Heliodori</strong></span> <span class='ocrx_word' id='word_1_58' title='bbox 840 1047 1118 1112; x_wconf 82' lang='lat' dir='ltr'><strong>Aethiopica</strong></span> <span class='ocrx_word' id='word_1_59' title='bbox 1146 1064 1156 1094; x_wconf 75' lang='grc' dir='ltr'><strong><em>ε</em></strong></span> <span class='ocrx_word' id='word_1_60' title='bbox 1198 1046 1279 1110; x_wconf 90' lang='lat' dir='ltr'><strong>qui</strong></span> <span class='ocrx_word' id='word_1_61' title='bbox 1310 1045 1419 1095; x_wconf 91' lang='lat' dir='ltr'><strong>libri</strong></span> <span class='ocrx_word' id='word_1_62' title='bbox 1457 1060 1632 1100; x_wconf 72' lang='lat' dir='ltr'><strong>omneS,</strong></span> <span class='ocrx_word' id='word_1_63' title='bbox 1670 1060 1779 1094; x_wconf 88' lang='lat' dir='ltr'><strong>cum</strong></span> <span class='ocrx_word' id='word_1_64' title='bbox 1815 1042 1915 1108; x_wconf 87' lang='lat' dir='ltr'><strong>ejus</strong></span> <span class='ocrx_word' id='word_1_65' title='bbox 1947 1042 2089 1092; x_wconf 85' lang='lat' dir='ltr'><strong>variis</strong></span> <span class='ocrx_word' id='word_1_66' title='bbox 2121 1041 2408 1092; x_wconf 63' lang='lat' dir='ltr'><strong>lectionibus</strong></span> <span class='ocrx_word' id='word_1_67' title='bbox 2447 1043 2495 1091; x_wconf 92' lang='lat' dir='ltr'><strong>in</strong></span> 
     </span>
     <span class='ocr_line' id='line_1_9' title="bbox 558 1129 2496 1202; baseline -0.005 -15"><span class='ocrx_word' id='word_1_68' title='bbox 558 1137 779 1202; x_wconf 85' lang='lat' dir='ltr'><strong>margine,</strong></span> <span class='ocrx_word' id='word_1_69' title='bbox 813 1135 952 1186; x_wconf 89' lang='lat' dir='ltr'><strong>hodie</strong></span> <span class='ocrx_word' id='word_1_70' title='bbox 983 1134 1226 1184; x_wconf 83' lang='lat' dir='ltr'><strong>servantur</strong></span> <span class='ocrx_word' id='word_1_71' title='bbox 1261 1134 1311 1183; x_wconf 92' lang='lat' dir='ltr'><strong>in</strong></span> <span class='ocrx_word' id='word_1_72' title='bbox 1341 1133 1628 1183; x_wconf 83' lang='lat' dir='ltr'><strong>bibliotheca</strong></span> <span class='ocrx_word' id='word_1_73' title='bbox 1662 1131 1721 1180; x_wconf 93' lang='lat' dir='ltr'><strong>D.</strong></span> <span class='ocrx_word' id='word_1_74' title='bbox 1753 1130 1886 1180; x_wconf 89' lang='lat' dir='ltr'><strong>Petri</strong></span> <span class='ocrx_word' id='word_1_75' title='bbox 1922 1131 1954 1179; x_wconf 87' lang='lat' dir='ltr'>J</span> <span class='ocrx_word' id='word_1_76' title='bbox 1956 1130 2069 1186; x_wconf 91' lang='lat' dir='ltr'><strong>unii,</strong></span> <span class='ocrx_word' id='word_1_77' title='bbox 2100 1129 2270 1180; x_wconf 87' lang='lat' dir='ltr'><strong>Jacobi</strong></span> <span class='ocrx_word' id='word_1_78' title='bbox 2306 1129 2496 1179; x_wconf 86' lang='lat' dir='ltr'><strong>Britan-</strong></span> 
     </span>
     <span class='ocr_line' id='line_1_10' title="bbox 558 1216 2496 1289; baseline -0.004 -16"><span class='ocrx_word' id='word_1_79' title='bbox 558 1226 739 1275; x_wconf 86' lang='lat' dir='ltr'><strong>niarum</strong></span> <span class='ocrx_word' id='word_1_80' title='bbox 780 1224 904 1289; x_wconf 78' lang='lat' dir='ltr'><strong>regis</strong></span> <span class='ocrx_word' id='word_1_81' title='bbox 946 1222 1164 1288; x_wconf 83' lang='lat' dir='ltr'><strong>magistri,</strong></span> <span class='ocrx_word' id='word_1_82' title='bbox 1211 1221 1405 1271; x_wconf 90' lang='lat' dir='ltr'><strong>Henrici</strong></span> <span class='ocrx_word' id='word_1_83' title='bbox 1448 1219 1594 1271; x_wconf 88' lang='lat' dir='ltr'><strong>etiam</strong></span> <span class='ocrx_word' id='word_1_84' title='bbox 1638 1235 1699 1268; x_wconf 85' lang='lat' dir='ltr'><strong>ex</strong></span> <span class='ocrx_word' id='word_1_85' title='bbox 1742 1226 1896 1268; x_wconf 85' lang='lat' dir='ltr'><strong>matre</strong></span> <span class='ocrx_word' id='word_1_86' title='bbox 1935 1218 2134 1283; x_wconf 83' lang='lat' dir='ltr'><strong>nepotis,</strong></span> <span class='ocrx_word' id='word_1_87' title='bbox 2180 1225 2235 1267; x_wconf 91' lang='lat' dir='ltr'><strong>ut</strong></span> <span class='ocrx_word' id='word_1_88' title='bbox 2275 1225 2324 1266; x_wconf 89' lang='lat' dir='ltr'><strong>et</strong></span> <span class='ocrx_word' id='word_1_89' title='bbox 2364 1216 2496 1266; x_wconf 84' lang='lat' dir='ltr'><strong>disci·</strong></span> 
     </span>
     <span class='ocr_line' id='line_1_11' title="bbox 557 1304 2493 1376; baseline -0.005 -14"><span class='ocrx_word' id='word_1_90' title='bbox 557 1313 668 1376; x_wconf 88' lang='lat' dir='ltr'><strong>puli.</strong></span> <span class='ocrx_word' id='word_1_91' title='bbox 759 1311 890 1361; x_wconf 82' lang='lat' dir='ltr'><strong>Obiit</strong></span> <span class='ocrx_word' id='word_1_92' title='bbox 935 1311 1156 1360; x_wconf 76' lang='lat' dir='ltr'><strong>Genevae</strong></span> <span class='ocrx_word' id='word_1_93' title='bbox 1218 1326 1343 1359; x_wconf 89' lang='lat' dir='ltr'><strong>anno</strong></span> <span class='ocrx_word' id='word_1_94' title='bbox 1386 1308 1567 1374; x_wconf 75' lang='lat' dir='ltr'><strong>gratiae</strong></span> <span class='ocrx_word' id='word_1_95' title='bbox 1614 1309 1758 1363; x_wconf 85' lang='lat'><strong>1564,</strong></span> <span class='ocrx_word' id='word_1_96' title='bbox 1804 1305 1889 1356; x_wconf 88' lang='lat' dir='ltr'><strong>sub</strong></span> <span class='ocrx_word' id='word_1_97' title='bbox 1932 1305 2098 1356; x_wconf 68' lang='lat' dir='ltr'><strong>Maria-</strong></span> <span class='ocrx_word' id='word_1_98' title='bbox 2191 1306 2264 1355; x_wconf 94' lang='lat' dir='ltr'><strong>De</strong></span> <span class='ocrx_word' id='word_1_99' title='bbox 2321 1321 2378 1354; x_wconf 90' lang='lat' dir='ltr'><strong>eo</strong></span> <span class='ocrx_word' id='word_1_100' title='bbox 2434 1304 2493 1353; x_wconf 87' lang='lat' dir='ltr'><strong>fic</strong></span> 
     </span>
     <span class='ocr_line' id='line_1_12' title="bbox 558 1398 1129 1463; baseline -0.005 -14"><span class='ocrx_word' id='word_1_101' title='bbox 558 1401 726 1449; x_wconf 87' lang='lat' dir='ltr'><strong>cecinit</strong></span> <span class='ocrx_word' id='word_1_102' title='bbox 750 1406 890 1463; x_wconf 83' lang='lat' dir='ltr'><strong>poeta</strong></span> <span class='ocrx_word' id='word_1_103' title='bbox 911 1398 1129 1463; x_wconf 86' lang='lat' dir='ltr'><strong>quidam:</strong></span> 
     </span>
     <span class='ocr_line' id='line_1_13' title="bbox 1029 1526 1937 1581; baseline -0.006 -13"><span class='ocrx_word' id='word_1_104' title='bbox 1029 1529 1260 1581; x_wconf 79' lang='lat' dir='ltr'><strong>Serimgerus</strong></span> <span class='ocrx_word' id='word_1_105' title='bbox 1278 1529 1376 1567; x_wconf 83' lang='lat' dir='ltr'><strong>vitae</strong></span> <span class='ocrx_word' id='word_1_106' title='bbox 1395 1528 1522 1579; x_wconf 82' lang='lat' dir='ltr'><strong>exegit</strong></span> <span class='ocrx_word' id='word_1_107' title='bbox 1540 1533 1597 1565; x_wconf 84' lang='lat' dir='ltr'><strong>ter</strong></span> <span class='ocrx_word' id='word_1_108' title='bbox 1613 1526 1730 1565; x_wconf 83' lang='lat' dir='ltr'><strong>lustra</strong></span> <span class='ocrx_word' id='word_1_109' title='bbox 1752 1532 1937 1576; x_wconf 79' lang='lat' dir='ltr'><strong>quaterna</strong></span> 
     </span>
     <span class='ocr_line' id='line_1_14' title="bbox 1076 1599 1971 1654; baseline -0.004 -13"><span class='ocrx_word' id='word_1_110' title='bbox 1076 1600 1242 1654; x_wconf 77' lang='lat' dir='ltr'><strong>Tresque</strong></span> <span class='ocrx_word' id='word_1_111' title='bbox 1259 1612 1391 1645; x_wconf 73' lang='lat' dir='ltr'><strong>annos,</strong></span> <span class='ocrx_word' id='word_1_112' title='bbox 1408 1604 1528 1639; x_wconf 71' lang='lat' dir='ltr'><strong>teme</strong></span> <span class='ocrx_word' id='word_1_113' title='bbox 1545 1599 1672 1639; x_wconf 72' lang='lat' dir='ltr'><strong>fictilis</strong></span> <span class='ocrx_word' id='word_1_114' title='bbox 1688 1599 1826 1651; x_wconf 74' lang='lat' dir='ltr'><strong>hospes</strong></span> <span class='ocrx_word' id='word_1_115' title='bbox 1843 1612 1971 1643; x_wconf 83' lang='lat' dir='ltr'><strong>ovans,</strong></span> 
     </span>
     <span class='ocr_line' id='line_1_15' title="bbox 1034 1672 1861 1718; baseline -0.002 -4"><span class='ocrx_word' id='word_1_116' title='bbox 1034 1674 1162 1714; x_wconf 83' lang='lat' dir='ltr'><strong>Seotia</strong></span> <span class='ocrx_word' id='word_1_117' title='bbox 1178 1674 1241 1714; x_wconf 80' lang='lat' dir='ltr'><strong>cui</strong></span> <span class='ocrx_word' id='word_1_118' title='bbox 1258 1673 1386 1713; x_wconf 75' lang='lat' dir='ltr'><strong>natale</strong></span> <span class='ocrx_word' id='word_1_119' title='bbox 1402 1672 1538 1718; x_wconf 71' lang='lat' dir='ltr'><strong>nolum,</strong></span> <span class='ocrx_word' id='word_1_120' title='bbox 1555 1673 1673 1713; x_wconf 83' lang='lat' dir='ltr'><strong>fatale</strong></span> <span class='ocrx_word' id='word_1_121' title='bbox 1689 1673 1861 1717; x_wconf 57' lang='lat' dir='ltr'><strong>(lienem,</strong></span> 
     </span>
     <span class='ocr_line' id='line_1_16' title="bbox 1076 1746 1914 1800; baseline -0.002 -12"><span class='ocrx_word' id='word_1_122' title='bbox 1076 1748 1205 1789; x_wconf 84' lang='lat' dir='ltr'><strong>Gallia</strong></span> <span class='ocrx_word' id='word_1_123' title='bbox 1220 1747 1478 1794; x_wconf 77' lang='lat' dir='ltr'><strong>Athenaeum,</strong></span> <span class='ocrx_word' id='word_1_124' title='bbox 1497 1747 1624 1787; x_wconf 81' lang='lat' dir='ltr'><strong>Roma</strong></span> <span class='ocrx_word' id='word_1_125' title='bbox 1639 1746 1914 1800; x_wconf 73' lang='lat' dir='ltr'><strong>magisterium,</strong></span> 
     </span>
    </p>
   </div>
   <div class='ocr_carea' id='block_1_3' title="bbox 1023 1821 2004 1947">
    <p class='ocr_par' dir='ltr' id='par_1_3' title="bbox 1023 1821 2004 1947">
     <span class='ocr_line' id='line_1_17' title="bbox 1023 1821 2004 1875; baseline -0.001 -14"><span class='ocrx_word' id='word_1_126' title='bbox 1023 1821 1360 1875; x_wconf 83' lang='lat' dir='ltr'><strong>Amphitheatrum</strong></span> <span class='ocrx_word' id='word_1_127' title='bbox 1379 1821 1479 1861; x_wconf 75' lang='lat' dir='ltr'><strong>orbis</strong></span> <span class='ocrx_word' id='word_1_128' title='bbox 1496 1826 1611 1867; x_wconf 71' lang='lat' dir='ltr'><strong>tom,</strong></span> <span class='ocrx_word' id='word_1_129' title='bbox 1630 1821 1840 1860; x_wconf 73' lang='lat' dir='ltr'><strong>Germania</strong></span> <span class='ocrx_word' id='word_1_130' title='bbox 1857 1833 2004 1866; x_wconf 77' lang='lat' dir='ltr'><strong>cemus,</strong></span> 
     </span>
     <span class='ocr_line' id='line_1_18' title="bbox 1076 1895 1976 1947; baseline -0.002 -12"><span class='ocrx_word' id='word_1_131' title='bbox 1076 1895 1346 1935; x_wconf 77' lang='lat' dir='ltr'><strong>Doctrinarum</strong></span> <span class='ocrx_word' id='word_1_132' title='bbox 1364 1895 1464 1935; x_wconf 84' lang='lat' dir='ltr'><strong>orbis</strong></span> <span class='ocrx_word' id='word_1_133' title='bbox 1481 1895 1576 1942; x_wconf 73' lang='lat' dir='ltr'><strong>laus,</strong></span> <span class='ocrx_word' id='word_1_134' title='bbox 1595 1896 1719 1947; x_wconf 82' lang='lat' dir='ltr'><strong>patria</strong></span> <span class='ocrx_word' id='word_1_135' title='bbox 1734 1896 1837 1935; x_wconf 90' lang='lat' dir='ltr'><strong>alma</strong></span> <span class='ocrx_word' id='word_1_136' title='bbox 1854 1896 1976 1947; x_wconf 75' lang='lat' dir='ltr'><strong>polus.</strong></span> 
     </span>
    </p>
   </div>
   <div class='ocr_carea' id='block_1_4' title="bbox 1158 2034 1882 2086">
    <p class='ocr_par' dir='ltr' id='par_1_4' title="bbox 1158 2034 1882 2086">
     <span class='ocr_line' id='line_1_19' title="bbox 1158 2034 1882 2086; baseline -0.003 -2"><span class='ocrx_word' id='word_1_137' title='bbox 1158 2035 1247 2085; x_wconf 90' lang='lat' dir='ltr'><strong>DE</strong></span> <span class='ocrx_word' id='word_1_138' title='bbox 1280 2034 1510 2085; x_wconf 88' lang='lat' dir='ltr'><strong>THOMA</strong></span> <span class='ocrx_word' id='word_1_139' title='bbox 1544 2034 1882 2086; x_wconf 88' lang='lat' dir='ltr'><strong>SMETONIO.</strong></span> 
     </span>
    </p>
   </div>
   <div class='ocr_carea' id='block_1_5' title="bbox 560 2188 2501 3308">
    <p class='ocr_par' dir='ltr' id='par_1_5' title="bbox 560 2188 2501 3308">
     <span class='ocr_line' id='line_1_20' title="bbox 560 2188 2498 2258; baseline 0.002 -21"><span class='ocrx_word' id='word_1_140' title='bbox 560 2191 772 2238; x_wconf 66' lang='lat' dir='ltr'><strong>&#39;summe</strong></span> <span class='ocrx_word' id='word_1_141' title='bbox 811 2190 1115 2246; x_wconf 70' lang='lat' dir='ltr'><strong>SMETONIUS,</strong></span> <span class='ocrx_word' id='word_1_142' title='bbox 1153 2206 1326 2254; x_wconf 86' lang='lat' dir='ltr'><strong>genere</strong></span> <span class='ocrx_word' id='word_1_143' title='bbox 1373 2196 1422 2238; x_wconf 90' lang='lat' dir='ltr'><strong>et</strong></span> <span class='ocrx_word' id='word_1_144' title='bbox 1461 2188 1651 2239; x_wconf 81' lang='lat' dir='ltr'><strong>natione</strong></span> <span class='ocrx_word' id='word_1_145' title='bbox 1692 2190 1874 2246; x_wconf 78' lang='lat' dir='ltr'><strong>ScotuS,</strong></span> <span class='ocrx_word' id='word_1_146' title='bbox 1920 2188 2196 2254; x_wconf 75' lang='lat' dir='ltr'><strong>professione</strong></span> <span class='ocrx_word' id='word_1_147' title='bbox 2238 2191 2498 2258; x_wconf 81' lang='lat' dir='ltr'><strong>theologus,</strong></span> 
     </span>
     <span class='ocr_line' id='line_1_21' title="bbox 563 2275 2500 2341; baseline 0.002 -17"><span class='ocrx_word' id='word_1_148' title='bbox 563 2295 620 2325; x_wconf 75' lang='lat' dir='ltr'><strong>ex</strong></span> <span class='ocrx_word' id='word_1_149' title='bbox 660 2277 897 2326; x_wconf 84' lang='lat' dir='ltr'><strong>Laudonia</strong></span> <span class='ocrx_word' id='word_1_150' title='bbox 940 2293 1086 2341; x_wconf 87' lang='lat' dir='ltr'><strong>prope</strong></span> <span class='ocrx_word' id='word_1_151' title='bbox 1131 2275 1460 2341; x_wconf 86' lang='lat' dir='ltr'><strong>Edinburgum</strong></span> <span class='ocrx_word' id='word_1_152' title='bbox 1506 2276 1746 2341; x_wconf 87' lang='lat' dir='ltr'><strong>oppidum,</strong></span> <span class='ocrx_word' id='word_1_153' title='bbox 1791 2292 1852 2325; x_wconf 87' lang='lat' dir='ltr'><strong>ex</strong></span> <span class='ocrx_word' id='word_1_154' title='bbox 1902 2277 2100 2341; x_wconf 84' lang='lat' dir='ltr'><strong>antiqua</strong></span> <span class='ocrx_word' id='word_1_155' title='bbox 2147 2277 2500 2328; x_wconf 88' lang='lat' dir='ltr'><strong>Smetoniorum</strong></span> 
     </span>
     <span class='ocr_line' id='line_1_22' title="bbox 564 2363 2501 2428; baseline 0.002 -17"><span class='ocrx_word' id='word_1_156' title='bbox 564 2364 785 2428; x_wconf 76' lang='lat' dir='ltr'><strong>prosapia,</strong></span> <span class='ocrx_word' id='word_1_157' title='bbox 831 2371 975 2417; x_wconf 82' lang='lat' dir='ltr'><strong>ortus,</strong></span> <span class='ocrx_word' id='word_1_158' title='bbox 1023 2365 1084 2412; x_wconf 82' lang='lat' dir='ltr'><strong>ab</strong></span> <span class='ocrx_word' id='word_1_159' title='bbox 1132 2363 1325 2412; x_wconf 89' lang='lat' dir='ltr'><strong>ineunte</strong></span> <span class='ocrx_word' id='word_1_160' title='bbox 1370 2370 1527 2413; x_wconf 80' lang='lat' dir='ltr'><strong>aetate</strong></span> <span class='ocrx_word' id='word_1_161' title='bbox 1571 2363 1623 2412; x_wconf 89' lang='lat' dir='ltr'><strong>in</strong></span> <span class='ocrx_word' id='word_1_162' title='bbox 1674 2363 1919 2413; x_wconf 86' lang='lat' dir='ltr'><strong>literarum</strong></span> <span class='ocrx_word' id='word_1_163' title='bbox 1965 2363 2125 2413; x_wconf 88' lang='lat' dir='ltr'><strong>studiis</strong></span> <span class='ocrx_word' id='word_1_164' title='bbox 2178 2365 2339 2414; x_wconf 87' lang='lat' dir='ltr'><strong>sedulo</strong></span> <span class='ocrx_word' id='word_1_165' title='bbox 2389 2368 2501 2415; x_wconf 90' lang='lat' dir='ltr'><strong>edu-</strong></span> 
     </span>
     <span class='ocr_line' id='line_1_23' title="bbox 564 2450 2501 2518; baseline 0.001 -17"><span class='ocrx_word' id='word_1_166' title='bbox 564 2462 738 2508; x_wconf 83' lang='lat' dir='ltr'><strong>catus;</strong></span> <span class='ocrx_word' id='word_1_167' title='bbox 801 2451 1030 2501; x_wconf 85' lang='lat' dir='ltr'><strong>maturior</strong></span> <span class='ocrx_word' id='word_1_168' title='bbox 1084 2452 1250 2508; x_wconf 65' lang='lat' dir='ltr'><strong>fastus,</strong></span> <span class='ocrx_word' id='word_1_169' title='bbox 1307 2453 1355 2500; x_wconf 89' lang='lat' dir='ltr'><strong>in</strong></span> <span class='ocrx_word' id='word_1_170' title='bbox 1413 2450 1668 2501; x_wconf 82' lang='lat' dir='ltr'><strong>Academia</strong></span> <span class='ocrx_word' id='word_1_171' title='bbox 1723 2451 2126 2516; x_wconf 78' lang='lat' dir='ltr'><strong>Andreapolitana</strong></span> <span class='ocrx_word' id='word_1_172' title='bbox 2178 2453 2501 2518; x_wconf 81' lang='lat' dir='ltr'><strong>philosophica</strong></span> 
     </span>
     <span class='ocr_line' id='line_1_24' title="bbox 565 2538 2499 2607; baseline 0.002 -19"><span class='ocrx_word' id='word_1_173' title='bbox 565 2539 747 2589; x_wconf 85' lang='lat' dir='ltr'><strong>imbibit</strong></span> <span class='ocrx_word' id='word_1_174' title='bbox 789 2539 949 2588; x_wconf 84' lang='lat' dir='ltr'><strong>studia.</strong></span> <span class='ocrx_word' id='word_1_175' title='bbox 1027 2539 1213 2589; x_wconf 63' lang='lat' dir='ltr'><strong>Exasto</strong></span> <span class='ocrx_word' id='word_1_176' title='bbox 1258 2546 1420 2589; x_wconf 89' lang='lat' dir='ltr'><strong>autem</strong></span> <span class='ocrx_word' id='word_1_177' title='bbox 1464 2538 1725 2588; x_wconf 87' lang='lat' dir='ltr'><strong>studiorum</strong></span> <span class='ocrx_word' id='word_1_178' title='bbox 1765 2539 2012 2597; x_wconf 88' lang='lat' dir='ltr'><strong>curriculo,</strong></span> <span class='ocrx_word' id='word_1_179' title='bbox 2049 2540 2252 2605; x_wconf 84' lang='lat' dir='ltr'><strong>patriam</strong></span> <span class='ocrx_word' id='word_1_180' title='bbox 2293 2541 2499 2607; x_wconf 89' lang='lat' dir='ltr'><strong>reliquit,</strong></span> 
     </span>
     <span class='ocr_line' id='line_1_25' title="bbox 565 2625 2499 2693; baseline 0.002 -18"><span class='ocrx_word' id='word_1_181' title='bbox 565 2635 612 2675; x_wconf 89' lang='lat' dir='ltr'><strong>et</strong></span> <span class='ocrx_word' id='word_1_182' title='bbox 660 2627 841 2676; x_wconf 82' lang='lat' dir='ltr'><strong>altioris</strong></span> <span class='ocrx_word' id='word_1_183' title='bbox 885 2626 1160 2676; x_wconf 83' lang='lat' dir='ltr'><strong>eruditionis</strong></span> <span class='ocrx_word' id='word_1_184' title='bbox 1209 2625 1531 2693; x_wconf 80' lang='lat' dir='ltr'><strong>adipiscendae</strong></span> <span class='ocrx_word' id='word_1_185' title='bbox 1576 2626 1725 2683; x_wconf 76' lang='lat' dir='ltr'><strong>causa,</strong></span> <span class='ocrx_word' id='word_1_186' title='bbox 1772 2634 1960 2677; x_wconf 84' lang='lat' dir='ltr'><strong>exteras</strong></span> <span class='ocrx_word' id='word_1_187' title='bbox 2004 2627 2220 2678; x_wconf 86' lang='lat' dir='ltr'><strong>nationes</strong></span> <span class='ocrx_word' id='word_1_188' title='bbox 2264 2628 2499 2679; x_wconf 80' lang='lat' dir='ltr'><strong>invifitare</strong></span> 
     </span>
     <span class='ocr_line' id='line_1_26' title="bbox 564 2714 2501 2780; baseline 0.002 -16"><span class='ocrx_word' id='word_1_189' title='bbox 564 2716 655 2764; x_wconf 87' lang='lat' dir='ltr'><strong>fert</strong></span> <span class='ocrx_word' id='word_1_190' title='bbox 685 2715 880 2765; x_wconf 81' lang='lat' dir='ltr'><strong>animus.</strong></span> <span class='ocrx_word' id='word_1_191' title='bbox 941 2715 998 2764; x_wconf 92' lang='lat' dir='ltr'><strong>In</strong></span> <span class='ocrx_word' id='word_1_192' title='bbox 1020 2715 1198 2765; x_wconf 82' lang='lat' dir='ltr'><strong>Gallias</strong></span> <span class='ocrx_word' id='word_1_193' title='bbox 1228 2715 1373 2780; x_wconf 83' lang='lat' dir='ltr'><strong>igitur</strong></span> <span class='ocrx_word' id='word_1_194' title='bbox 1405 2715 1601 2771; x_wconf 82' lang='lat' dir='ltr'><strong>delatus,</strong></span> <span class='ocrx_word' id='word_1_195' title='bbox 1627 2715 1908 2765; x_wconf 86' lang='lat' dir='ltr'><strong>celebriores</strong></span> <span class='ocrx_word' id='word_1_196' title='bbox 1933 2714 2082 2766; x_wconf 82' lang='lat' dir='ltr'><strong>totius</strong></span> <span class='ocrx_word' id='word_1_197' title='bbox 2115 2716 2299 2767; x_wconf 78' lang='lat' dir='ltr'><strong>Galliae</strong></span> <span class='ocrx_word' id='word_1_198' title='bbox 2335 2718 2501 2768; x_wconf 78' lang='lat' dir='ltr'><strong>acade-</strong></span> 
     </span>
     <span class='ocr_line' id='line_1_27' title="bbox 566 2802 2501 2868; baseline 0.002 -17"><span class='ocrx_word' id='word_1_199' title='bbox 566 2803 681 2851; x_wconf 73' lang='lat' dir='ltr'><strong>mias</strong></span> <span class='ocrx_word' id='word_1_200' title='bbox 720 2802 1052 2867; x_wconf 79' lang='lat' dir='ltr'><strong>frequentavit,</strong></span> <span class='ocrx_word' id='word_1_201' title='bbox 1090 2802 1170 2852; x_wconf 89' lang='lat' dir='ltr'><strong>sed</strong></span> <span class='ocrx_word' id='word_1_202' title='bbox 1209 2803 1289 2852; x_wconf 83' lang='lat' dir='ltr'><strong>vix</strong></span> <span class='ocrx_word' id='word_1_203' title='bbox 1325 2803 1438 2852; x_wconf 92' lang='lat' dir='ltr'><strong>dum</strong></span> <span class='ocrx_word' id='word_1_204' title='bbox 1471 2802 1748 2868; x_wconf 84' lang='lat' dir='ltr'><strong>theologicis</strong></span> <span class='ocrx_word' id='word_1_205' title='bbox 1782 2803 1997 2854; x_wconf 87' lang='lat' dir='ltr'><strong>initiatus</strong></span> <span class='ocrx_word' id='word_1_206' title='bbox 2026 2804 2186 2854; x_wconf 84' lang='lat' dir='ltr'><strong>studiis</strong></span> <span class='ocrx_word' id='word_1_207' title='bbox 2220 2806 2271 2854; x_wconf 90' lang='lat' dir='ltr'><strong>in</strong></span> <span class='ocrx_word' id='word_1_208' title='bbox 2310 2806 2501 2855; x_wconf 84' lang='lat' dir='ltr'><strong>Lutetia</strong></span> 
     </span>
     <span class='ocr_line' id='line_1_28' title="bbox 563 2887 2501 2960; baseline 0.003 -23"><span class='ocrx_word' id='word_1_209' title='bbox 563 2887 855 2945; x_wconf 72' lang='lat' dir='ltr'><strong>Parisiorum,</strong></span> <span class='ocrx_word' id='word_1_210' title='bbox 880 2908 909 2939; x_wconf 86' lang='lat' dir='ltr'><strong>a</strong></span> <span class='ocrx_word' id='word_1_211' title='bbox 934 2889 1139 2946; x_wconf 83' lang='lat' dir='ltr'><strong>Jesuitis,</strong></span> <span class='ocrx_word' id='word_1_212' title='bbox 1162 2890 1388 2956; x_wconf 80' lang='lat' dir='ltr'><strong>pestiferis</strong></span> <span class='ocrx_word' id='word_1_213' title='bbox 1413 2890 1659 2940; x_wconf 91' lang='lat' dir='ltr'><strong>hominum</strong></span> <span class='ocrx_word' id='word_1_214' title='bbox 1696 2891 1961 2957; x_wconf 47' lang='lat' dir='ltr'><strong>generibus</strong></span> <span class='ocrx_word' id='word_1_215' title='bbox 1996 2893 2047 2942; x_wconf 90' lang='lat' dir='ltr'><strong>in</strong></span> <span class='ocrx_word' id='word_1_216' title='bbox 2080 2893 2308 2960; x_wconf 86' lang='lat' dir='ltr'><strong>religione</strong></span> <span class='ocrx_word' id='word_1_217' title='bbox 2342 2894 2501 2943; x_wconf 88' lang='lat' dir='ltr'><strong>seduc·</strong></span> 
     </span>
     <span class='ocr_line' id='line_1_29' title="bbox 566 2977 2500 3044; baseline 0.003 -21"><span class='ocrx_word' id='word_1_218' title='bbox 566 2985 653 3029; x_wconf 80' lang='lat' dir='ltr'><strong>tus,</strong></span> <span class='ocrx_word' id='word_1_219' title='bbox 699 2993 860 3025; x_wconf 89' lang='lat' dir='ltr'><strong>eorum</strong></span> <span class='ocrx_word' id='word_1_220' title='bbox 907 2977 1102 3042; x_wconf 82' lang='lat' dir='ltr'><strong>placitis,</strong></span> <span class='ocrx_word' id='word_1_221' title='bbox 1148 2995 1235 3027; x_wconf 89' lang='lat' dir='ltr'><strong>nee</strong></span> <span class='ocrx_word' id='word_1_222' title='bbox 1280 2978 1432 3028; x_wconf 86' lang='lat' dir='ltr'><strong>multo</strong></span> <span class='ocrx_word' id='word_1_223' title='bbox 1483 2977 1702 3043; x_wconf 91' lang='lat' dir='ltr'><strong>equidem</strong></span> <span class='ocrx_word' id='word_1_224' title='bbox 1747 2979 1951 3044; x_wconf 87' lang='lat' dir='ltr'><strong>negotio,</strong></span> <span class='ocrx_word' id='word_1_225' title='bbox 1991 2978 2249 3030; x_wconf 81' lang='lat' dir='ltr'><strong>affentitur.</strong></span> <span class='ocrx_word' id='word_1_226' title='bbox 2335 2981 2500 3030; x_wconf 79' lang='lat' dir='ltr'><strong>Postea</strong></span> 
     </span>
     <span class='ocr_line' id='line_1_30' title="bbox 570 3063 2496 3132; baseline 0.003 -23"><span class='ocrx_word' id='word_1_227' title='bbox 570 3080 677 3111; x_wconf 79' lang='lat' dir='ltr'><strong>vero</strong></span> <span class='ocrx_word' id='word_1_228' title='bbox 709 3080 828 3120; x_wconf 84' lang='lat' dir='ltr'><strong>cum,</strong></span> <span class='ocrx_word' id='word_1_229' title='bbox 863 3063 1080 3130; x_wconf 82' lang='lat' dir='ltr'><strong>fingulari</strong></span> <span class='ocrx_word' id='word_1_230' title='bbox 1118 3065 1209 3115; x_wconf 88' lang='lat' dir='ltr'><strong>Dei</strong></span> <span class='ocrx_word' id='word_1_231' title='bbox 1241 3065 1396 3132; x_wconf 82' lang='lat' dir='ltr'><strong>gratia</strong></span> <span class='ocrx_word' id='word_1_232' title='bbox 1427 3066 1775 3131; x_wconf 82' lang='lat' dir='ltr'><strong>praeveniente,</strong></span> <span class='ocrx_word' id='word_1_233' title='bbox 1810 3084 1974 3117; x_wconf 90' lang='lat' dir='ltr'><strong>eorum</strong></span> <span class='ocrx_word' id='word_1_234' title='bbox 2007 3068 2199 3118; x_wconf 85' lang='lat' dir='ltr'><strong>fraudes</strong></span> <span class='ocrx_word' id='word_1_235' title='bbox 2239 3066 2496 3122; x_wconf 81' lang='lat' dir='ltr'><strong>detexifl&#39;et,</strong></span> 
     </span>
     <span class='ocr_line' id='line_1_31' title="bbox 569 3148 2499 3218; baseline 0.003 -20"><span class='ocrx_word' id='word_1_236' title='bbox 569 3149 617 3196; x_wconf 88' lang='lat' dir='ltr'><strong>in</strong></span> <span class='ocrx_word' id='word_1_237' title='bbox 658 3148 858 3212; x_wconf 81' lang='lat' dir='ltr'><strong>patriam</strong></span> <span class='ocrx_word' id='word_1_238' title='bbox 903 3149 968 3200; x_wconf 88' lang='lat' dir='ltr'><strong>est</strong></span> <span class='ocrx_word' id='word_1_239' title='bbox 1012 3151 1234 3210; x_wconf 85' lang='lat' dir='ltr'><strong>reversus,</strong></span> <span class='ocrx_word' id='word_1_240' title='bbox 1274 3159 1323 3202; x_wconf 91' lang='lat' dir='ltr'><strong>et</strong></span> <span class='ocrx_word' id='word_1_241' title='bbox 1362 3151 1488 3218; x_wconf 83' lang='lat' dir='ltr'><strong>apud</strong></span> <span class='ocrx_word' id='word_1_242' title='bbox 1528 3153 1653 3204; x_wconf 78' lang='lat' dir='ltr'><strong>viros</strong></span> <span class='ocrx_word' id='word_1_243' title='bbox 1692 3155 1906 3206; x_wconf 76' lang='lat' dir='ltr'><strong>literatos</strong></span> <span class='ocrx_word' id='word_1_244' title='bbox 1948 3156 2240 3213; x_wconf 76' lang='lat' dir='ltr'><strong>converlans,</strong></span> <span class='ocrx_word' id='word_1_245' title='bbox 2280 3155 2499 3207; x_wconf 86' lang='lat' dir='ltr'><strong>omnibus</strong></span> 
     </span>
     <span class='ocr_line' id='line_1_32' title="bbox 570 3234 2495 3308; baseline 0.005 -26"><span class='ocrx_word' id='word_1_246' title='bbox 570 3234 755 3283; x_wconf 76' lang='lat' dir='ltr'><strong>summis</strong></span> <span class='ocrx_word' id='word_1_247' title='bbox 798 3237 845 3284; x_wconf 90' lang='lat' dir='ltr'><strong>in</strong></span> <span class='ocrx_word' id='word_1_248' title='bbox 889 3236 1067 3287; x_wconf 78' lang='lat' dir='ltr'><strong>deliciis</strong></span> <span class='ocrx_word' id='word_1_249' title='bbox 1110 3239 1213 3288; x_wconf 84' lang='lat' dir='ltr'><strong>fuit.</strong></span> <span class='ocrx_word' id='word_1_250' title='bbox 1306 3239 1430 3290; x_wconf 85' lang='lat' dir='ltr'><strong>Hinc</strong></span> <span class='ocrx_word' id='word_1_251' title='bbox 1470 3241 1603 3291; x_wconf 84' lang='lat' dir='ltr'><strong>brevi</strong></span> <span class='ocrx_word' id='word_1_252' title='bbox 1646 3242 1708 3293; x_wconf 79' lang='lat' dir='ltr'><strong>ad</strong></span> <span class='ocrx_word' id='word_1_253' title='bbox 1754 3243 1968 3308; x_wconf 80' lang='lat' dir='ltr'><strong>primarii</strong></span> <span class='ocrx_word' id='word_1_254' title='bbox 2010 3260 2183 3294; x_wconf 81' lang='lat' dir='ltr'><strong>munus</strong></span> <span class='ocrx_word' id='word_1_255' title='bbox 2227 3243 2495 3293; x_wconf 89' lang='lat' dir='ltr'><strong>obeundum</strong></span> 
     </span>
    </p>
   </div>
  </div>
 </body>
</html>
