2938 3900
958 447 1044 489 DF:
1096 447 1552 492 SCRIPTORIBUS
1601 448 1826 492 SCOTIS.
2271 454 2353 496 125

425 574 519 623 oris
567 572 842 621 literaturae
894 579 1126 629 ornatum,
1185 572 1538 637 philosophiam,
1589 574 2020 639 jurisprudentiam,
2081 582 2131 624 et
2189 577 2357 640 poefin,

425 661 531 725 plus
576 676 719 724 quam
763 659 1022 724 vulgariter
1066 659 1246 716 coluit;
1292 667 1396 709 erat
1433 662 1561 710 enim
1605 669 1748 726 poeta
1795 679 1891 710 non
1937 662 2156 727 vulgaris,
2203 670 2361 712 orator

427 746 637 803 disertus,
675 746 1031 811 jurisconsultus
1068 754 1304 812 expertus,
1345 755 1394 796 et
1432 749 1734 814 philosophus
1780 748 2077 799 acutiffimus.
2146 750 2362 815 Denique

428 836 500 883 vir
534 842 636 884 erat
668 835 816 883 felicis
852 835 1042 900 ingenii,
1074 842 1123 884 et
1155 836 1205 884 in
1238 835 1512 884 melioribus
1541 836 1806 900 quibusque
1842 836 2094 901 disciplinis
2127 835 2366 902 infigniter

427 924 653 979 eruditus,
710 923 918 972 carmine
969 923 1203 971 excellens
1248 930 1296 971 et
1340 922 1487 988 prosa,
1534 931 1588 972 et
1633 924 1716 988 qui
1764 923 1936 988 scripta
1983 925 2215 988 quaedam
2259 931 2364 973 tum

430 1010 563 1059 versu
607 1018 713 1059 tum
747 1010 883 1075 prosa
920 1010 1041 1059 terse
1081 1010 1323 1075 nitideque
1359 1010 1659 1074 composuiffe
1694 1011 1982 1076 perhibetur.
2066 1012 2167 1060 Hos
2205 1018 2366 1061 autem

430 1098 603 1146 laboris
642 1097 712 1145 sui
751 1097 937 1145 frustus
971 1097 1165 1161 posteris
1200 1098 1262 1146 ad
1299 1097 1717 1155 oblectamentum,
1759 1106 1808 1147 et
1846 1100 1907 1148 ad
1947 1099 2247 1148 commodum
2282 1098 2365 1148 fibi

430 1186 491 1233 ad
514 1185 717 1234 nominis
738 1185 1145 1233 immortalitatem
1169 1186 1362 1250 reliquit
1382 1204 1392 1234 :

630 1272 862 1337 Epistolas
883 1272 1194 1336 responsorias
1216 1273 1432 1337 Epistolis
1455 1273 1707 1330 Ovidianis,
1731 1273 1938 1323 carmine
1960 1273 2105 1323 etiam
2125 1273 2329 1323 heroico.

630 1361 929 1424 Hymnorum
952 1360 1140 1408 librum.

631 1447 989 1511 Epigrammata
1011 1453 1060 1495 et
1083 1446 1306 1495 Carmina
1327 1447 1470 1495 varia.

630 1534 983 1583 Commentaria
1005 1534 1055 1582 in
1077 1533 1398 1583 Institutiones
1418 1534 1453 1582 J
1453 1534 1563 1583 uris.

630 1621 945 1685 Epistolarum
968 1621 1156 1670 librum.

631 1709 882 1758 Orationes
903 1709 1068 1766 varias,
1093 1709 1299 1758 Graecas
1321 1716 1369 1759 et
1390 1709 1594 1759 Latinas.

630 1797 982 1846 Commentaria
1003 1796 1212 1846 Caesaris
1233 1797 1284 1845 in
1306 1797 1537 1846 Graecam
1560 1798 1771 1862 linguam
1792 1799 2041 1847 transtulit.

631 1885 914 1950 Apologiam
958 1885 1009 1933 in
1053 1883 1364 1933 defensionem
1409 1886 1542 1934 Petri
1585 1886 1768 1942 Bembi,
1815 1886 2110 1951 aliorumque
2153 1893 2367 1935 veterum

699 1973 968 2029 Oratorum‚
994 1980 1160 2021 contra
1180 1972 1214 2020 J
1214 1973 1367 2021 ustum
1389 1972 1604 2037 Lipfium.

436 2060 627 2126 Scripfit
661 2060 805 2109 etiam
838 2060 1187 2125 Philosophum,
1219 2061 1492 2117 Rhetorem‚
1524 2068 1572 2110 et
1604 2062 1802 2111 Poetam
1830 2062 2108 2125 perfectum,
2142 2078 2238 2110 non
2273 2061 2370 2110 edi-

435 2158 553 2206 tum,
585 2150 713 2214 quod
743 2149 896 2197 sciam.
968 2148 1151 2198 Claruit
1181 2165 1305 2197 anno
1335 2148 1434 2212 post
1464 2148 1720 2197 adventum
1751 2147 1940 2198 Meffiae
1970 2149 2020 2198 in
2051 2166 2191 2198 carne
2227 2151 2368 2203 1598,

438 2239 551 2286 dum
575 2237 749 2286 Scotici
770 2236 906 2302 regni
928 2236 1163 2301 sceptrum
1185 2242 1370 2285 teneret
1391 2236 1598 2285 Jacobus
1620 2236 1778 2285 sextus
1802 2236 1941 2301 hujus
1963 2237 2303 2302 appellationis.

972 2433 1060 2482 DE
1093 2433 1397 2483 PATRICIO
1432 2433 1836 2484 ANDERSONO.

440 2590 719 2637 PATRIOIUs
754 2589 1110 2643 ANDERSONUS‚
1146 2587 1179 2635 J
1181 2586 1329 2635 esuita
1367 2584 1655 2650 profeffione,
1697 2593 1745 2633 et
1786 2585 1954 2634 Scotus
1992 2586 2196 2642 natione,
2235 2592 2375 2635 natus

443 2676 493 2723 in
538 2675 709 2739 Elgina
744 2675 804 2722 de
844 2674 1052 2738 Murray,
1099 2675 1159 2721 ab
1204 2672 1303 2737 ipsa
1345 2672 1499 2721 statim
1544 2673 1748 2736 pueritia
1786 2672 1921 2721 bonis
1958 2672 2108 2721 literis
2151 2673 2375 2729 initiatus,

443 2764 494 2811 in
534 2763 630 2812 solo
670 2762 817 2810 natali
862 2762 1024 2810 literas
1065 2777 1186 2825 quae
1225 2761 1285 2808 ab
1323 2760 1620 2809 humanitate
1658 2777 1831 2809 nomen
1878 2768 2173 2825 acceperunt,
2218 2761 2376 2810 sedulo

442 2857 693 2916 parentum
732 2866 858 2905 cura,
899 2849 1076 2897 didicit.
1166 2848 1332 2896 Postea
1375 2847 1607 2895 maturior
1642 2847 1798 2896 factus
1837 2847 1887 2894 in
1928 2848 2184 2897 Academia
2227 2850 2377 2898 Aber-

445 2937 633 2987 donenfi
672 2945 772 2986 tam
807 2936 1015 2985 sedulam
1051 2935 1182 2984 dedit
1220 2934 1493 2983 melioribus
1531 2934 1682 2982 literis
1721 2941 1769 2982 et
1806 2934 2135 2999 philosophicis
2173 2952 2377 3000 operam,

444 3034 498 3075 ut
532 3025 768 3091 gradatim
805 3025 866 3073 ad
898 3023 1115 3088 suprema
1148 3021 1480 3076 conscenderit,
1518 3021 1643 3068 unde
1679 3037 1776 3068 non
1811 3021 2059 3078 immerito,
2094 3022 2194 3085 post
2226 3022 2380 3071 varios

446 3113 742 3179 quadriennii
780 3112 983 3167 sudores,
1023 3111 1198 3158 artium
1234 3107 1497 3174 magisterio
1537 3107 1737 3155 donatus
1773 3107 1877 3155 fuit.
1946 3108 2003 3156 In
2039 3109 2383 3173 quaestionibus

449 3200 655 3248 maxime
691 3198 950 3254 subtilibus,
994 3204 1042 3244 et
1082 3194 1551 3244 demonstrationibus
1590 3194 1948 3251 mathematicis,
1995 3195 2120 3244 inter
2164 3196 2385 3246 condisci-

450 3289 586 3352 pulos
618 3286 724 3336 suos
753 3285 928 3350 primas
965 3284 1147 3348 semper
1181 3282 1413 3339 obtinuit;
1450 3282 1500 3330 in
1536 3280 1677 3331 sacris
1713 3282 1863 3332 literis
1899 3282 2163 3347 ingeniosus
2199 3291 2248 3333 et
2282 3284 2387 3334 sub·
