2938 3900
625 442 683 483 50
1160 436 1248 479 DE
1290 434 1750 480 SCRIPTORIBUS
1795 433 2016 477 SCOTIS.

628 564 709 628 qui
738 578 797 612 ea
826 562 985 612 Bedae
1014 568 1128 611 tom.
1160 560 1239 616 iii.,
1269 566 1496 623 tanquam
1526 558 1665 623 ipsius
1687 557 1817 608 facta
1857 556 2212 622 adscripserunt.
2271 557 2404 607 Vixit
2433 573 2559 608 anno

629 649 819 699 Domini
843 651 952 705 630,
975 647 1059 697 sub
1081 645 1386 711 Ferquhardo
1408 644 1563 709 primo
1585 643 1838 694 Scotorum
1859 660 1972 710 rege
1994 644 2135 709 hujus
2155 645 2496 710 appellationis.

1297 839 1385 888 DE
1419 838 1628 889 GALLO
1662 840 1875 890 SCOTO.

626 997 839 1051 Gutus,
874 993 953 1043 seu
993 993 1151 1058 potius
1190 993 1359 1041 Scotus
1396 990 1585 1055 quidam
1621 999 1934 1057 cognomento
1969 993 2148 1051 Gallus,
2181 995 2328 1060 (quod
2360 995 2411 1044 in
2443 995 2555 1045 Gal-

625 1083 735 1133 liam
774 1080 931 1131 missus
968 1081 1029 1129 ad
1069 1079 1421 1145 propagandam
1463 1079 1775 1144 religionem,)
1823 1097 1850 1130 e
1897 1080 2058 1131 Scotia
2099 1081 2239 1132 claris
2281 1082 2556 1147 parentibus

623 1178 788 1227 ortus;
845 1168 926 1234 qui
981 1167 1134 1233 primo
1179 1166 1348 1217 aetatis
1391 1167 1508 1216 flore
1558 1167 1840 1217 Columbani
1892 1168 2157 1233 magisterio
2201 1169 2556 1219 commendatus

624 1267 675 1308 ut
707 1259 756 1307 in
789 1256 1017 1322 regularis
1051 1256 1176 1306 vitae
1206 1255 1456 1319 proficeret
1489 1254 1743 1319 disciplina,
1778 1262 1914 1306 tanto
1947 1263 2108 1306 autem
2141 1256 2372 1306 virtutum
2407 1257 2556 1305 crevit

624 1352 890 1411 augmento,
935 1344 1135 1409 superna
1168 1342 1323 1407 gratia
1365 1342 1411 1390 se
1456 1341 1805 1406 praeveniente,
1845 1349 1981 1394 tanto
2017 1344 2145 1407 quod
2183 1344 2333 1393 studio
2375 1344 2557 1393 divinas

624 1432 864 1497 exoptavit
915 1430 1192 1495 Scripturas,
1249 1435 1303 1478 ut
1353 1429 1411 1477 de
1461 1427 1681 1478 thesauro
1735 1429 1817 1479 suo
1871 1447 1993 1480 nova
2043 1431 2253 1495 proferre
2311 1430 2458 1495 poiset
2508 1440 2555 1481 et

624 1529 783 1569 vetera
815 1537 828 1576 ;
871 1517 1206 1584 grammaticae
1251 1517 1394 1565 etiam
1440 1516 1627 1581 regulas
1671 1524 2027 1581 metrorumque
2071 1518 2355 1567 subtilitates
2398 1520 2556 1583 capaci

625 1608 984 1672 consequeretur
1006 1605 1207 1670 ingenio.
1265 1603 1472 1654 Obscura
1493 1611 1654 1653 autem
1681 1603 2035 1668 Scripturarum
2063 1611 2164 1654 tam
2186 1604 2421 1669 sapienter
2442 1605 2557 1655 scire

623 1695 887 1745 volentibus
924 1692 1158 1748 reseravit,
1199 1698 1252 1740 ut
1287 1691 1449 1740 cuncti
1493 1691 1575 1756 qui
1619 1689 1720 1754 ejus
1762 1691 2066 1755 prudentiam
2111 1699 2160 1740 et
2207 1691 2443 1742 sermones
2477 1711 2558 1742 au·

622 1785 818 1838 dietant,
860 1779 1169 1830 admiratione
1207 1794 1317 1827 eum
1356 1784 1405 1826 et
1441 1777 1580 1826 laude
1614 1776 1928 1842 digniffimum
1953 1779 2236 1844 judicarent.
2306 1780 2413 1836 Qua
2442 1780 2559 1845 sapi-

622 1870 775 1919 entiae
814 1866 1088 1917 maturitate
1144 1865 1323 1914 sactum
1370 1863 1446 1920 est,
1493 1870 1546 1911 ut
1596 1865 1918 1916 universorum
1971 1867 2210 1916 communi
2265 1866 2454 1916 confilio
2509 1876 2558 1917 et

614 1955 810 2022 juffione
855 1952 1135 2003 Columbani
1187 1951 1383 2007 abbatis,
1436 1968 1522 2015 per
1574 1950 1775 2016 fingulos
1819 1952 1977 2003 sacrae
2028 1953 2340 2018 promotionis
2382 1955 2557 2020 gradus

620 2043 879 2098 ascendens,
925 2041 1100 2089 invitus
1145 2039 1388 2088 sacerdotii
1436 2038 1687 2103 susciperet
1733 2039 2026 2104 dignitatem.
2112 2039 2205 2088 Hic
2261 2039 2311 2089 in
2364 2040 2557 2091 Ticonia

620 2133 735 2180 urbe
763 2130 824 2179 ad
852 2127 1142 2178 Lidiniaeum
1175 2127 1364 2182 flumen,
1397 2124 1625 2175 convulfis
1652 2126 1870 2176 omnibus
1899 2127 2195 2177 idololatriae
2222 2128 2553 2184 monumentis,

617 2218 900 2267 Christianae
931 2214 1170 2280 religionis
1203 2214 1511 2262 fundamenta
1540 2212 1671 2277 jecit,
1702 2220 1752 2262 et
1782 2213 1964 2263 radices
2005 2211 2219 2263 altiffime
2253 2214 2363 2279 egit.
2433 2214 2554 2264 Cum

616 2314 775 2354 autem
822 2305 999 2359 Gunzo,
1045 2303 1306 2351 Suevorum
1352 2301 1462 2357 duX,
1508 2301 1569 2350 ad
1619 2300 2018 2350 Constantiensem
2057 2299 2377 2365 episcopatum
2417 2301 2551 2350 illum

619 2399 818 2447 vocaret,
854 2389 1114 2441 solitudinis
1146 2395 1329 2438 amator
1359 2386 1677 2453 episcopatum
1716 2387 1851 2436 illum
1883 2387 2060 2437 Joanni
2100 2386 2297 2436 diacono
2334 2394 2397 2455 et
2420 2387 2551 2436 disci-

619 2481 729 2545 pulo
763 2479 843 2528 suo
875 2477 1145 2543 impertivit.
1214 2475 1444 2526 Similiter
1479 2475 1579 2540 post
1608 2473 1856 2531 Eustachii,
1899 2473 2084 2524 abbatis
2118 2474 2384 2524 monasterii
2423 2475 2550 2539 quod

618 2566 876 2615 Luxovium
913 2565 1096 2621 dicitur,
1133 2564 1328 2620 obitum,
1369 2579 1511 2627 quem
1553 2563 1705 2611 bonae
1740 2560 1997 2610 memoriae
2013 2592 2019 2598 -
2036 2560 2357 2610 columbanus
2395 2560 2550 2611 eidem

615 2656 716 2703 loco
768 2654 1005 2718 praefecit,
1049 2652 1220 2701 fratres
1265 2667 1378 2716 ergo
1427 2651 1477 2700 in
1529 2649 1696 2700 eodem
1751 2648 1978 2699 coenobio
2022 2648 2260 2699 constituti
2304 2647 2548 2699 confilium

616 2743 832 2797 inierunt,
869 2747 923 2790 ut
961 2738 1277 2789 venerabilem
1322 2738 1514 2788 Gallum
1551 2742 1841 2793 revocarent,
1883 2742 1932 2785 et
1968 2736 2067 2800 ejus
2103 2736 2322 2801 regimini
2358 2736 2405 2785 se
2444 2736 2548 2785 sub-

616 2830 767 2878 dendo
815 2827 1158 2882 contraderent,
1216 2825 1381 2874 Gallus
1434 2842 1546 2874 vero
1591 2840 1755 2872 eorum
1800 2823 2041 2887 postulatis
2087 2824 2257 2880 renuit.
2338 2824 2411 2873 De
2457 2824 2547 2872 hoc

615 2918 750 2966 Gallo
785 2917 938 2971 Scot0‚
967 2914 1212 2963 Cornelius
1246 2913 1626 2978 Cornipolitanus
1660 2912 1709 2960 in
1743 2911 1865 2960 libro
1894 2911 1953 2960 de
1988 2911 2309 2977 TemporibuS,
2343 2911 2546 2961 Sanctus

618 3004 792 3060 Gallus,
827 3002 993 3067 inquit,
1028 3018 1055 3051 e
1097 3001 1249 3052 Scotis
1285 3001 1491 3056 venienS,
1524 3000 1650 3064 apud
1683 2999 1929 3049 Helvetios
1967 2999 2299 3049 monasterium
2331 2998 2546 3048 aedifica—

617 3093 708 3139 bat.
782 3090 845 3138 Et
871 3090 1219 3146 VolaterranuS,
1250 3089 1330 3137 lib.
1355 3103 1463 3136 xvl.
1488 3087 1960 3144 Commentariorum,
1991 3086 2157 3137 Gallus
2185 3088 2331 3136 abbas
2358 3102 2419 3134 ex
2448 3085 2545 3150 Hy-

618 3176 815 3226 bernicis
849 3176 1012 3234 Scotis,
1050 3176 1158 3236 (hoc
1191 3176 1268 3233 est,
1305 3176 1457 3227 Scotis
1490 3175 1753 3238 Insulania)
1787 3174 2026 3232 oriundua
2061 3174 2145 3223 sub
2178 3172 2419 3237 disciplina
2454 3173 2543 3222 Co-
