2938 3900
643 459 697 498 48
1164 454 1248 497 DE
1301 450 1755 497 SCRIP'I'ORIBUS
1805 449 2028 493 SCOTIS.

642 581 736 644 qui,
767 588 822 629 ut
844 596 903 629 ex
926 579 1134 628 moribus
1162 577 1371 643 liquebit,
1402 574 1693 640 simplicitate
1723 573 1992 622 columbina
2027 578 2234 630 ornatus,
2266 580 2316 622 et
2343 573 2469 622 omni
2495 590 2567 620 re-

642 667 889 716 conditiori
920 665 1210 732 philosophia
1238 664 1502 718 instructus,
1534 660 1722 710 virtutis
1756 659 2086 725 religionisque
2114 661 2232 710 fines
2265 661 2567 725 undiquaque

646 755 693 801 in
723 753 897 802 vicinas
926 759 1102 817 gentes,
1136 767 1244 800 cum
1279 750 1456 798 San6to
1491 748 1629 798 Gallo
1665 747 1858 812 aliisque
1896 747 2107 812 probatis
2142 747 2389 813 discipulis,
2426 764 2568 812 quam

646 839 856 888 latiffime
895 839 1103 903 protulit.
1184 838 1334 886 Natus
1368 836 1417 884 in
1448 836 1663 900 Kentyra
1703 833 1945 898 provincia
1977 850 2123 898 penes
2152 835 2343 884 Ebudas
2376 834 2568 896 Insulas,

646 925 879 974 institutus
917 931 965 972 et
1001 924 1196 972 ed06tus
1230 922 1354 972 inter
1388 922 1642 971 monachos
1680 921 2012 978 Colnkilenses,
2052 921 2134 986 qui
2170 922 2397 986 plurimas
2429 923 2571 971 cellas

646 1012 980 1062 monachorum
1012 1012 1061 1059 in
1094 1027 1150 1060 ea
1178 1010 1328 1059 insula
1355 1010 1635 1067 habuerunt,
1664 1017 1714 1059 et
1746 1009 1827 1059 ubi
1856 1016 2040 1058 veteres
2067 1009 2318 1058 Scotorum
2340 1026 2476 1074 reges
2507 1009 2573 1057 se-

646 1100 951 1163 peliebantur,
993 1115 1193 1163 quorum
1226 1097 1487 1162 sepulturas
1518 1097 1672 1146 adhuc
1705 1096 1866 1162 passim
1906 1096 2316 1162 peregrinantibus
2351 1095 2573 1160 conspici·

648 1194 803 1236 untur.
871 1187 957 1235 Vir
992 1186 1191 1236 eximiae
1226 1185 1499 1243 sanctitatis,
1539 1185 1710 1241 meriti,
1748 1192 1797 1234 et
1836 1183 2095 1240 doetrinae,
2135 1188 2272 1249 pater
2313 1184 2572 1233 multorum

649 1274 846 1322 millium
879 1274 1228 1330 monachorum,
1264 1281 1314 1322 et
1339 1273 1723 1323 monasteriorum
1752 1272 1959 1336 plurium
1991 1271 2228 1328 fundator,
2260 1271 2406 1320 divini
2442 1272 2601 1327 verbi¹

650 1360 898 1409 seminator
931 1360 1157 1425 egregius,
1191 1360 1420 1424 principio
1453 1375 1645 1424 operam
1678 1359 1809 1407 dedit
1841 1366 1896 1408 ut
1928 1359 2266 1407 monachorum
2302 1360 2576 1408 necteretur

653 1445 871 1500 societati,
907 1461 962 1494 ac
991 1444 1320 1493 monasterium
1354 1445 1710 1494 Banochorense
1739 1445 1891 1510 petiit,
1922 1445 1972 1493 in
2006 1461 2101 1509 quo
2127 1444 2311 1510 praesul
2345 1446 2575 1493 virtutum

654 1533 868 1580 ubertate
911 1531 1098 1581 cluebat
1143 1532 1406 1596 Congellus‚
1452 1532 1668 1597 egregius
1711 1532 1837 1581 inter
1874 1531 1980 1582 suos
2022 1533 2360 1582 monachorum
2405 1540 2574 1596 pater:

653 1615 858 1679 peraGtis
894 1623 1054 1666 autem
1092 1633 1323 1666 annorum
1361 1617 1620 1666 multorum
1659 1619 1709 1668 in
1752 1620 2031 1669 monasterio
2069 1619 2268 1676 circulis,
2308 1621 2578 1685 peregrina»

652 1703 828 1751 tionem
850 1702 1107 1752 desiderare
1136 1703 1302 1767 coepit,
1332 1720 1361 1751 a
1388 1704 1673 1754 Britannicis
1701 1721 1815 1771 ergo
1844 1706 2016 1755 finibus
2042 1704 2318 1771 progreffuS,
2342 1707 2403 1755 ad
2433 1706 2579 1755 Galli-

653 1806 730 1837 cas
759 1789 912 1838 tendit
934 1796 982 1837 et
1013 1789 1327 1846 Germanicas,
1362 1789 1491 1839 velut
1518 1791 1632 1839 olim
1666 1791 1901 1840 Druidum
1931 1792 2178 1858 princeps;
2209 1794 2486 1849 Luxovium,
2510 1794 2578 1841 lo-

654 1876 837 1923 cum-in
871 1875 1158 1940 Burgundia,
1181 1892 1211 1924 a
1232 1876 1492 1925 turbidiore
1523 1878 1686 1942 populi
1715 1879 2044 1928 communione
2071 1880 2379 1946 segregatum,
2403 1880 2577 1945 selegit,

655 1963 702 2009 in
726 1978 820 2026 quo
842 1963 1087 2027 discipulis
1111 1964 1419 2012 monachatus
1440 1967 1769 2030 praeceptione
1791 1967 2067 2024 informatis,
2090 1968 2421 2018 monasterium
2449 1985 2579 2033 mag-

655 2051 855 2106 nificum,
891 2051 1195 2115 permittente
1230 2052 1518 2102 Theodorico
1556 2070 1681 2119 rege,
1713 2054 1846 2103 fimul
1882 2062 1931 2104 et
1969 2056 2264 2105 Fontanense
2300 2057 2578 2104 coenobium

655 2138 879 2186 exstruxit
902 2155 915 2194 ;
970 2155 1000 2186 a
1054 2155 1148 2202 quo
1203 2155 1313 2204 rege
1358 2140 1600 2204 postquam
1644 2141 1695 2190 in
1740 2142 1935 2191 exilium
1987 2143 2052 2192 est
2103 2142 2274 2192 miffus.
2363 2145 2579 2207 Denique

656 2225 972 2273 Columbanus
1005 2226 1299 2275 Alemaniam
1337 2227 1612 2291 ingreditur,
1642 2229 1726 2278 ubi
1766 2229 1812 2278 S.
1844 2230 2033 2280 Gallum
2075 2231 2297 2295 reliquit;
2334 2230 2428 2295 ipse
2469 2248 2579 2278 vero

658 2312 705 2358 in
746 2311 930 2360 Italiam
959 2311 1195 2367 tmnfiens,
1235 2313 1334 2376 post
1367 2313 1513 2362 vitam
1546 2314 1824 2365 sanctissime
1863 2317 2163 2373 transablam,
2214 2319 2264 2366 in
2303 2319 2579 2368 monasterio

660 2398 886 2455 Bobienfi,
923 2399 1015 2455 seu,
1049 2407 1104 2447 ut
1134 2399 1374 2449 Marianus
1411 2402 1578 2451 Scotus
1611 2402 1782 2459 scribit,
1818 2404 2043 2461 Bovienfi‚
2079 2405 2205 2469 quod
2237 2406 2298 2454 ab
2333 2419 2403 2453 eo‘
2416 2406 2581 2453 funda-

659 2495 761 2535 tum
807 2494 855 2535 et
895 2488 1120 2543 mestum,
1166 2487 1273 2536 suae
1318 2487 1613 2538 liberalitatis
1647 2505 1703 2538 ac
1746 2490 1985 2555 religionis
2028 2499 2309 2556 perpetuum
2355 2493 2403 2540 in
2444 2493 2582 2540 Italia

659 2574 748 2621 erit
781 2580 1150 2629 monumentum,
1177 2574 1238 2622 ad
1274 2574 1502 2631 divorum,
1532 2592 1650 2639 quos
1679 2578 1842 2627 ordine
1872 2595 1928 2628 ac
1963 2579 2220 2628 constantia
2247 2580 2371 2628 vitae
2402 2580 2583 2643 semper

662 2660 871 2708 imitatus
893 2661 970 2716 est,
994 2667 1179 2709 coetum
1202 2660 1521 2724 proficiscitur.
1588 2663 1743 2713 Multa
1764 2666 2029 2729 parabolice
2052 2665 2241 2730 scripsit.

861 2748 915 2795 In
938 2746 1217 2796 Psalterium
1238 2748 1623 2806 Commentarios,
1646 2750 1725 2800 lib.
1750 2765 1782 2799 1.

859 2835 1143 2884 Collationes
1163 2836 1224 2884 ad
1247 2835 1515 2893 Monachoa
1539 2837 1618 2886 lib.
1642 2852 1675 2886 1.

857 2923 930 2971 De
953 2923 1164 2972 Moribus
1185 2939 1362 2981 eorum,
1385 2924 1594 2981 metrice,
1618 2926 1697 2974 lib.
1721 2940 1753 2973 1.

859 3010 1246 3059 Monasteriorum
1271 3010 1533 3069 Methodoe,
1556 3011 1635 3061 lib.
1659 3026 1692 3060 1.

859 3095 1086 3159 Epistolas
1107 3096 1167 3145 ad
1191 3096 1556 3154 CommilitoneS,
1579 3097 1656 3147 lib.
1682 3113 1715 3147 1.

858 3181 1091 3231 Adversus
1113 3183 1294 3247 Regem
1315 3183 1596 3242 adulterum,
1619 3185 1698 3234 lib.
1723 3199 1755 3233 1.
