2938 3900
906 486 993 528 DE
1044 485 1502 531 SCRIPTORIBUS
1548 487 1725 531 SCOTI
1729 489 1772 531 S.
2248 495 2304 535 23

380 612 557 660 virtute
597 609 971 676 archiepiscopus
1016 610 1317 661 Bituricenfis
1357 612 1422 662 est
1457 612 1650 662 elestus.
1718 613 2026 664 Monumenta
2064 615 2170 664 suae
2204 633 2309 665 eru-

381 698 573 747 ditionis
595 697 821 762 reliquit:

580 787 831 835 Orationes
870 787 932 836 ad
974 787 1227 836 Pontifices
1262 788 1588 836 Alexandrum
1627 787 1732 854 [et]
1774 789 1807 836 J
1809 789 1970 846 ulium,
2011 790 2308 846 Ludovicum‚

647 881 696 922 et
717 875 751 922 J
752 875 951 923 acobum
975 875 1221 931 Quartum,
1245 875 1487 939 eleganter
1508 875 1802 940 conscriptas.

583 963 655 1011 De
679 963 942 1011 Concordia
964 961 1210 1019 Ecclesiae,
1235 963 1314 1011 lib.
1339 977 1370 1011 1.

584 1048 657 1096 De
681 1049 920 1097 Laudibus
942 1049 1167 1097 Ludovici
1190 1049 1347 1113 Regis.

383 1136 568 1184 Claruit
590 1152 714 1184 anno
740 1138 866 1185 1515
890 1143 1119 1201 regnante
1141 1136 1174 1184 J
1175 1138 1322 1186 acobo
1345 1137 1444 1201 ejus
1467 1138 1670 1187 nominis
1693 1139 1871 1203 quinto.

958 1334 1047 1382 DE
1078 1335 1112 1382 J
1114 1334 1333 1383 OANNE
1366 1333 1753 1382 VIGILANTIO.

385 1488 419 1535 J
420 1501 620 1536 oANNEs
673 1487 1025 1543 VIGILANTIUS‚
1078 1487 1194 1536 alias
1243 1487 1449 1543 Walker,
1495 1487 1827 1535 Fermeloduni
1874 1494 2024 1544 natuS,
2068 1505 2098 1536 a
2141 1489 2313 1537 teneris

387 1576 524 1624 annis
568 1576 618 1624 in
664 1574 1035 1624 Haddintonenfi
1080 1574 1235 1624 schola
1285 1575 1522 1631 educatus,
1573 1591 1668 1624 non
1713 1576 1852 1624 modo
1896 1576 2061 1640 pietati
2110 1579 2169 1626 ab
2220 1578 2316 1640 ipsa

388 1665 543 1713 statim
581 1663 787 1729 pueritia
823 1664 1049 1719 studebat,
1090 1680 1255 1712 verum
1294 1663 1437 1712 etiam
1476 1663 1694 1711 meliores
1732 1670 1858 1712 artes
1902 1665 2115 1713 excolere
2151 1665 2314 1728 coepit,

390 1768 485 1816 quo
521 1751 712 1800 nomine
746 1751 904 1815 postea
942 1750 1247 1799 Academiam
1283 1750 1584 1800 Andreanam
1620 1751 1769 1800 literis
1803 1752 2060 1809 florentem,
2096 1759 2144 1800 et
2176 1752 2225 1800 in
2262 1769 2317 1800 ea

392 1839 741 1888 Leonardinum
768 1838 1031 1903 Collegium
1058 1855 1145 1902 pro
1172 1838 1254 1886 suo
1283 1839 1421 1903 petiit
1447 1840 1595 1888 studio
1615 1858 1626 1897 ;
1653 1841 1778 1889 unde
1807 1841 2047 1905 postquam
2077 1841 2315 1904 utriusque

299 1975 301 1977 ,
392 1929 582 1993 linguae
616 1934 665 1976 et
700 1927 908 1976 Graecae
943 1933 992 1975 et
1025 1926 1220 1975 Latinae
1254 1927 1582 1991 cognitionem,
1620 1944 1675 1976 ac
1705 1928 1995 1977 scholasticae
2029 1945 2137 1976 cum
2168 1929 2317 1992 philo-

394 2016 582 2080 sophiae
607 2022 713 2063 tum
740 2014 1007 2079 theologiae
1037 2014 1278 2063 scientiam
1304 2015 1502 2078 adeptus
1532 2013 1656 2072 esset,
1680 2016 1870 2064 tandem
1900 2016 2040 2064 titulo
2069 2016 2317 2080 magisterii

396 2102 534 2151 cursu
577 2101 791 2151 absoluto
842 2107 1036 2150 ornatus
1087 2101 1163 2149 est.
1238 2101 1420 2149 Deinde
1472 2102 1583 2151 data
1621 2101 1854 2151 occafione
1901 2103 2144 2151 commoda
2186 2119 2318 2166 pere-

397 2189 628 2255 grinandi,
663 2189 714 2236 in
754 2188 932 2237 Gallias
964 2187 1299 2244 transfretavit,
1334 2187 1443 2236 inde
1484 2188 1766 2237 Nemausum
1804 2189 1869 2238 est
1900 2189 2151 2253 prosefims,
2192 2190 2319 2238 dein-

400 2279 459 2326 de
506 2275 917 2341 Montispeffulam,
968 2275 1051 2323 ubi
1101 2275 1151 2322 in
1195 2282 1395 2340 utraque
1440 2273 1764 2339 profeffionem
1813 2275 2033 2323 sustinuit.
2118 2275 2319 2331 Tolosae,

401 2366 516 2413 dum
561 2381 637 2412 ex.
666 2363 807 2412 Italia
856 2363 1046 2419 rediret,
1093 2378 1179 2426 per
1220 2362 1253 2409 J
1256 2361 1425 2410 esuitas
1468 2361 1707 2426 religionis
1745 2378 1857 2426 ergo
1895 2359 2141 2427 percufl'us,
2187 2370 2235 2410 et
2273 2363 2321 2410 in

402 2453 543 2500 domo
588 2450 971 2500 incarcerationis
1016 2449 1266 2513 conjectuS,
1315 2448 1441 2512 quod
1489 2450 1764 2514 religionem
1808 2449 2113 2499 Christianam
2160 2457 2207 2498 et
2251 2467 2323 2498 or-

401 2540 663 2588 thodoxam
685 2539 903 2603 objurare
926 2543 1161 2587 renuerat.
1231 2535 1425 2601 Scripsit

601 2626 748 2674 Lusus
770 2626 1000 2675 Poeticos.

604 2714 866 2763 Orationes.

602 2801 925 2850 Praefationes
946 2800 996 2848 in
1019 2798 1334 2848 Aristotelem.

408 2889 593 2938 Floruit
616 2889 699 2937 sub
721 2889 755 2936 J
755 2890 903 2937 acobo
928 2889 1087 2945 Sexto,
1112 2894 1161 2936 et
1183 2887 1345 2936 Primo
1367 2887 1494 2951 apud
1516 2887 1706 2951 Anglos,
1730 2902 1854 2951 rege,
1878 2901 2001 2935 anno
2027 2888 2164 2934 1616.

956 3085 1044 3133 DE
1077 3082 1406 3133 GULIELMO
1441 3081 1786 3131 RAMISAEO.

414 3241 716 3290 GULIELMUS
761 3240 1062 3288 RAMISAsz
1106 3236 1156 3284 in
1199 3234 1372 3284 Fifenfi
1415 3250 1530 3300 agro
1574 3241 1725 3292 natus,
1766 3234 2051 3298 Andreapoli
2100 3234 2150 3282 in
2202 3234 2336 3283 bonis

412 3327 564 3376 literis
597 3327 822 3383 initiatus,
856 3326 1013 3390 postea
1050 3324 1101 3372 in
1139 3322 1352 3371 ordinem
1391 3321 1754 3372 Benedifitinum
1786 3318 2004 3371 admifl‘us
2036 3321 2086 3369 in
2119 3320 2335 3385 Angliam
