2938 3900
630 432 716 475 128
1148 429 1235 473 DE
1280 428 1732 473 SCRIPTORIBUS
1774 428 1997 471 SCOTIS.

634 552 817 610 insulaS,
855 553 1063 603 minister
1100 550 1398 616 provincialis
1434 549 1514 598 seu
1549 549 1964 599 commiffionarius
2001 551 2052 600 in
2096 553 2391 602 ecclefiarum
2427 555 2559 619 plan-

628 641 820 699 tatione,
848 641 986 690 aliter
1019 637 1430 703 superintendens
1462 636 1527 685 est
1556 635 1774 693 electum
1807 644 1858 686 et
1886 653 1939 686 re
1973 653 2086 687 vera
2112 639 2190 688 hic
2221 641 2286 690 est
2320 642 2559 706 episcopus

631 728 803 794 synodo
846 727 1172 790 suffiaganeus,
1209 740 1305 772 non
1345 730 1506 772 autem
1548 723 1934 788 archiepiscopus,
2024 725 2142 774 Erat
2187 727 2331 776 etiam
2375 730 2559 794 collegii

628 815 676 865 S.
712 815 759 865 S.
796 812 1036 862 Trinitatis
1073 810 1361 867 PraefectuS,
1402 817 1452 859 et
1490 808 1706 859 ecclesiae
1747 810 1794 859 S.
1837 811 2089 860 Cuthberti
2130 813 2428 878 praepositus,
2470 824 2558 865 etc.

628 900 717 949 Hic
766 898 966 963 denique
1019 897 1228 946 omnium
1280 896 1567 961 optimarum
1616 896 1915 946 scientiarum
1969 899 2190 963 panoplia
2239 901 2447 951 ubertim
2491 904 2561 952 in-

627 986 839 1041 structus,
870 985 1043 1034 cuncta
1076 984 1219 1032 etiam
1250 983 1535 1048 dignitatum
1570 983 1817 1034 clariffima
1849 983 2043 1050 fastigia,
2081 1003 2243 1036 amore
2271 988 2408 1037 studii
2441 989 2561 1040 salu-

625 1071 750 1127 taris,
795 1071 975 1135 semper
1022 1070 1244 1135 neglexit.
1329 1070 1529 1135 Scriptis
1580 1070 1773 1135 quidem
1826 1072 2032 1136 plurima
2084 1075 2340 1132 mandavit,
2395 1093 2559 1127 verum

625 1160 760 1223 longe
799 1158 936 1223 plura
971 1156 1226 1222 scripfifl'et‚
1265 1158 1348 1206 nifi
1383 1158 1589 1207 multum
1624 1158 1750 1207 vitae
1787 1158 1986 1216 activae,
2022 1161 2084 1209 ad
2115 1178 2260 1226 quam
2296 1162 2347 1211 in
2381 1165 2560 1214 ecclefi-

623 1262 757 1294 arum
807 1245 1140 1295 reformatione
1187 1252 1380 1295 vocatus
1432 1253 1548 1302 erat,
1594 1245 1641 1294 se
1686 1245 2089 1297 accommodass'et.
2167 1250 2301 1307 Quae
2349 1252 2407 1300 de
2459 1253 2558 1317 ejus

622 1331 801 1396 scriptis
838 1339 936 1381 tam
975 1331 1110 1380 versu
1154 1349 1297 1396 quam
1335 1331 1487 1382 soluta
1525 1333 1751 1391 oratione,
1795 1350 1903 1383 cum
1943 1337 2195 1386 vernaculo
2239 1346 2343 1387 tum
2387 1340 2557 1390 Latino

623 1418 844 1475 sermone,
867 1419 1081 1476 vidimuS,
1105 1420 1223 1468 haec
1246 1419 1353 1469 sunt
1374 1421 1652 1487 praecipua:

815 1506 888 1554 De
911 1506 1096 1554 Unione
1118 1506 1409 1556 Britanniae.

814 1593 887 1641 De
908 1592 1119 1641 Periodis
1142 1593 1439 1658 Temporum.

815 1680 887 1729 De
910 1681 1050 1729 Anno
1071 1681 1104 1728 J
1106 1681 1305 1730 ubilaeo.

814 1768 1028 1817 Aureum
1051 1768 1287 1824 Seculum,
1312 1767 1392 1816 lib.
1416 1782 1507 1816 vn.

767 1899 779 1911 ‚
810 1852 1002 1902 Pindari
1026 1853 1351 1918 Olympiorum
1374 1853 1753 1905 Traductionem.

813 1939 886 1989 De
933 1941 1208 1990 Carminum
1256 1942 1460 1991 Ratione
1511 1949 1559 1991 et
1610 1942 1846 2001 sectione,
1898 1944 2104 1998 Pindaro
2155 1951 2349 2018 aliisque
2398 1958 2549 2020 poetis

878 2027 1047 2093 lyricis,
1070 2027 1343 2092 praesertim
1366 2030 1572 2087 GraeciS‚
1595 2030 1827 2080 familiari.

811 2113 1016 2164 Lexicon
1039 2116 1291 2181 Trilingue.

814 2200 1044 2251 Homilias
1064 2203 1115 2251 in
1138 2203 1184 2252 S.
1209 2203 1450 2268 Paginam.

618 2282 681 2331 Et
736 2284 828 2334 alia
875 2289 1121 2350 permulta,
1183 2306 1304 2353 quae
1356 2290 1406 2338 in
1457 2290 1685 2358 Catalogo
1741 2294 1896 2344 nostro
1953 2297 2248 2363 Scriptorum
2300 2303 2547 2355 habentur.

622 2369 827 2420 Tandem
860 2390 984 2423 anno
1021 2376 1201 2439 gratiae
1238 2380 1366 2426 1606
1382 2378 1584 2442 0placide
1621 2387 1671 2428 et
1703 2381 1781 2445 pie
1815 2381 1944 2433 senio
1978 2386 2221 2437 confectus
2259 2389 2309 2438 in
2343 2390 2548 2442 Domino

620 2458 912 2518 obdormivit,
965 2464 1134 2512 aetatis
1182 2464 1290 2513 suae
1345 2482 1471 2514 anno
1521 2467 1804 2532 octogesimo
1859 2471 2074 2530 secundo,
2120 2482 2170 2524 et
2218 2476 2294 2525 die
2340 2482 2370 2527 8
2419 2479 2546 2545 Maij.

620 2544 895 2597 Tumulatus
938 2550 1004 2599 est
1047 2551 1389 2617 quinquaginta
1442 2551 1645 2618 paflibus
1686 2557 1747 2605 ab
1796 2557 2073 2626 Edinburgo
2127 2563 2188 2611 ad
2242 2565 2547 2618 meridionale

621 2630 678 2679 D.
715 2633 965 2684 Cuthberti
1001 2638 1215 2687 ecclefiae
1250 2640 1385 2696 latim,
1420 2640 1503 2689 ubi
1538 2641 1756 2707 elogium,
1790 2646 1851 2694 ab
1883 2646 1931 2696 se
1964 2648 2282 2713 compofitum,
2316 2652 2367 2702 in
2402 2656 2547 2719 quad—

618 2727 721 2769 rato
742 2720 1019 2786 sepulchrali
1042 2724 1197 2789 lapide
1221 2724 1488 2789 spectatur:

1087 2877 1158 2915 Ille
1177 2890 1247 2930 ego
1265 2878 1454 2918 Robertus
1471 2880 1681 2929 Pontanus,
1698 2884 1742 2923 in
1757 2885 1830 2925 hoc
1846 2899 1962 2939 prope
1980 2901 2086 2928 sacro

1084 2950 1226 2990 Christi
1245 2953 1311 3003 qui
1326 2952 1474 2992 sueram
1491 2960 1619 3006 pastor
1634 2957 1769 3010 gregis,
1787 2959 1941 3010 auspice
1959 2961 2111 3001 Christo

1081 3024 1290 3064 Aeternam
1307 3027 1473 3067 moriens
1490 3035 1648 3081 expecto
1664 3043 1858 3084 resurgere
1874 3033 2005 3074 vitam.

624 3158 803 3209 Claruit
834 3161 917 3211 sub
942 3162 1124 3212 Jacobo
1154 3165 1329 3223 Primo,
1362 3168 1461 3232 ejus
1488 3168 1707 3227 maxime,
1738 3177 1788 3219 et
1814 3170 2017 3222 aliorum
2044 3174 2354 3235 literatorum,
2382 3179 2543 3247 infigni

623 3243 891 3296 Maecenate
914 3256 963 3297 et
984 3256 1195 3313 patrono.
