2938 3900
680 417 705 456 4
1221 421 1308 465 DE
1355 419 1814 467 SCRIPTORIBUS
1858 423 2082 467 SCOTIS.

678 556 794 605 pore
817 542 1028 593 Joannes
1059 553 1373 610 cognomento
1407 554 1456 596 et
1489 547 1682 596 natione
1715 547 1897 605 ScotuS,
1932 555 1982 597 et
2015 545 2240 598 Claudius
2273 548 2504 607 Clemens,
2540 550 2622 614 qui

679 646 788 679 cum
821 630 881 680 D.
911 632 1045 681 Beda
1077 633 1272 683 Graecis
1304 641 1353 683 et
1382 634 1563 683 Latinis
1594 634 1746 683 literis
1778 649 1971 699 operam
2004 643 2310 694 navaverunt,
2338 636 2389 685 in
2417 637 2623 687 Galliam

680 717 1050 782 proficiscuntur,
1091 720 1174 769 ubi
1208 721 1428 770 Clemens
1461 728 1511 770 et
1543 721 1754 771 Joannes
1788 722 1969 779 Scotusa,
2009 722 2099 771 viri
2132 722 2393 773 facetiffimi
2430 723 2622 789 ingenii,

681 806 732 854 in
776 806 967 871 publico
1022 807 1126 856 foro
1171 808 1388 858 Lutetiae
1445 808 1762 859 eruditionem
1805 809 1936 859 suam
1992 810 2212 859 omnibus
2254 811 2470 861 venalem
2515 827 2623 875 pro-

679 892 949 958 posuerunt.
1018 894 1092 943 De
1130 894 1270 959 hujus
1308 895 1492 960 scriptis
1529 895 1662 944 nulla
1700 897 1762 945 ad
1802 897 1980 947 nostras
2015 901 2186 948 'manus
2227 914 2498 963 pervenere,
2538 898 2622 947 nifi

680 982 807 1046 quod
839 980 995 1030 fuerat
1028 982 1102 1030 vir
1135 982 1350 1031 eruditus
1381 988 1431 1031 et
1463 981 1571 1046 pius
1603 982 1920 1033 concionator.

1222 1177 1311 1226 DE
1344 1177 1631 1227 DANOELE
1666 1142 2009 1228 VIENTANo.

680 1335 883 1383 DANIEL
916 1334 1231 1390 VIENTANUS‚
1265 1332 1514 1397 Madulphi
1547 1332 1678 1382 Scoti
1711 1348 1870 1398 nepos,
1905 1339 1955 1382 et
1988 1333 2242 1399 aliquando
2276 1331 2539 1397 discipuluS‚
2571 1333 2620 1380 in

682 1422 933 1471 Lothiania
965 1436 1112 1485 prope
1146 1419 1375 1468 Merciam
1409 1419 1647 1475 oriundus,
1687 1420 1918 1469 natalium
1951 1421 2198 1486 splendore
2237 1420 2404 1477 clarus,
2441 1420 2514 1468 vir
2548 1420 2618 1468 in-

681 1509 822 1574 genio
876 1524 1088 1573 magnus,
1134 1514 1184 1556 et
1227 1506 1447 1571 politiore
1491 1507 1741 1557 literatura
1783 1508 2008 1566 imbutus,
2066 1508 2168 1573 post
2212 1507 2366 1557 varias
2410 1508 2619 1572 peregri-

681 1596 897 1645 nationes
941 1595 991 1643 in
1036 1594 1213 1644 exteris
1267 1593 1541 1659 regionibus
1583 1593 1829 1660 susceptas,
1885 1596 2123 1645 Adhelmo
2178 1601 2489 1645 conterraneo
2535 1593 2617 1643 suo

679 1684 803 1731 fidus
847 1682 1056 1730 Achates
1093 1687 1143 1730 et
1178 1679 1339 1730 socius·
1369 1687 1485 1738 erat,
1530 1680 1581 1729 in
1624 1681 1819 1733 scientia
1863 1683 2217 1748 Scripturarum
2256 1682 2508 1748 diligenter
2548 1682 2619 1730 in-

681 1771 912 1826 struetus3
962 1769 1063 1834 post
1116 1768 1272 1818 faetus
1321 1767 1564 1833 episcopus
1609 1769 2005 1821 Lindisfernenfis.
2087 1768 2366 1835 Conscripfit
2414 1768 2619 1834 plurima

681 1859 812 1908 lectu
858 1858 1012 1923 digna,
1059 1856 1230 1922 quibus
1274 1855 1407 1905 Beda
1450 1856 1501 1904 in
1543 1857 1903 1909 concinnatione
1946 1858 2057 1909 suae
2101 1856 2320 1908 historiae
2358 1855 2617 1922 plurimum

679 1948 917 1995 utebatur.
986 1944 1176 2010 Scripfit

787 2040 798 2052 ⁶
880 2032 1135 2082 Historiam
1168 2031 1375 2081 Merciae
1410 2037 1459 2081 et
1493 2031 1539 2080 N
1539 2033 1877 2083 orthumbriae.

879 2120 1167 2169 Australium
1201 2120 1443 2169 Saxonum
1478 2120 1577 2168 Res
1607 2120 1771 2185 gestas,

880 2207 1042 2255 Vitam
1077 2206 1265 2255 Ceddae
1298 2206 1426 2270 apud
1459 2206 1638 2256 Pictos.

878 2295 936 2342 In
970 2293 1167 2342 Obitum
1201 2292 1424 2341 Adhelmi
1458 2294 1769 2351 conterranei,
1804 2294 1884 2343 lib.
1919 2308 1953 2342 1.

881 2382 959 2430 Ad
993 2380 1214 2445 Virgines
1249 2380 1418 2429 Sacras
1452 2379 1695 2444 Epistola&

682 2473 746 2521 Et
779 2470 872 2520 alia
906 2485 1027 2534 quae
1055 2484 1151 2517 non
1184 2468 1434 2517 habentur.
1502 2466 1578 2514 Ex
1605 2467 1694 2516 hac
1722 2467 1822 2517 vita
1853 2467 2075 2534 migravit
2103 2483 2228 2517 anno
2260 2466 2389 2532 pacis
2417 2482 2615 2537 evange·

681 2561 798 2609 licae
835 2558 945 2615 746,
979 2562 1208 2621 regnante
1241 2555 1293 2603 in
1327 2554 1487 2605 Scotia
1518 2554 1725 2604 Ethfino.

1468 2753 1556 2802 DE
1589 2752 1828 2802 BARRO.

682 2912 894 2960 Bsmms
922 2908 1114 2958 natione
1137 2907 1319 2964 ScotuS,
1343 2923 1404 2956 ex
1431 2906 1579 2955 nobili
1607 2912 1656 2955 et
1685 2907 1850 2957 illustri
1876 2906 2057 2956 familia
2084 2905 2325 2962 oriunduS,
2353 2904 2403 2952 in
2426 2903 2611 2952 Murth-

682 2997 843 3048 letenfi
887 2995 1076 3046 ecclelia
1114 2996 1176 3045 ad
1224 2993 1590 3059 septentrionem
1634 3009 1665 3042 a
1706 2991 1885 3042 teneris
1930 2990 2067 3040 annis
2110 2990 2160 3038 in
2204 2988 2340 3039 bonis
2377 2986 2527 3036 literis
2560 2993 2609 3035 et

680 3085 890 3134 moribus
929 3084 1179 3140 institutus
1219 3082 1270 3131 in
1311 3080 1486 3131 Huenfi
1526 3080 1676 3130 insula
1711 3079 1868 3130 factus
1903 3077 1969 3128 est
2006 3076 2276 3127 monachus.
2349 3073 2514 3124 Postea
2558 3074 2608 3121 in

681 3171 961 3221 Hiberniam
998 3170 1337 3226 transfretavit,
1378 3169 1538 3234 ibique
1571 3167 1807 3234 'plurimos
1844 3168 1895 3216 in
1929 3163 2191 3216 Christiana
2227 3161 2455 3227 religione
2494 3160 2608 3209 titu-

681 3262 848 3309 bantes
881 3266 930 3308 et
968 3258 1242 3308 vacillantes
1274 3257 1326 3306 in
1352 3273 1466 3307 vera
1493 3255 1664 3307 clu-isti
1700 3255 1802 3305 'fide
1826 3248 2155 3304 confirmavit:
2183 3250 2346 3316 postea
2380 3249 2430 3298 in
2463 3248 2607 3313 patri-
