2938 3900
965 454 1051 495 DE
1085 455 1539 501 SCRIPTORIBUS
1571 460 1744 503 SCOTI
1751 464 1792 504 S.
2280 475 2337 513 53

430 583 479 624 et
511 575 792 640 gentilitatis
826 576 1049 627 servitute
1083 580 1132 628 in
1164 582 1393 646 evangelii
1425 582 1693 632 libertatem
1728 584 1992 635 vindicavit.
2083 590 2213 638 Inter
2245 592 2358 640 haec

428 670 645 727 tempora
673 664 829 728 gravis
863 671 968 713 orta
997 666 1062 715 est
1091 667 1150 715 de
1180 668 1383 716 Paschae
1414 669 1745 728 observatione,
1780 689 1835 721 ac
1864 674 2066 724 tonsura·
2083 676 2355 726 clericorum

429 750 752 808 controverfia,
794 752 844 799 in
877 753 1050 817 Anglia
1085 770 1242 803 coram
1277 756 1564 820 principibus
1598 764 1646 805 et
1679 758 1818 807 clero.
1887 760 1964 808 Sic
1999 761 2142 818 Beda,
2174 764 2253 811 lib.
2290 765 2351 811 iii.

429 855 528 903 cap.
566 856 656 896 xv.‚
694 839 775 903 qui
814 847 918 888 tum
955 842 1188 905 prolixam
1225 842 1462 906 subjunxit
1501 845 1830 894 narrationem.
1898 847 1974 904 Et,
2007 856 2060 896 ut
2092 851 2167 897 Jo.
2203 851 2351 915 Major

427 927 584 983 refert,
614 927 900 976 Colmannus
929 929 1178 986 Aidanum,
1209 930 1453 986 Finanum,
1485 937 1534 979 et
1569 931 1615 979 S.
1646 932 1935 989 Columbam,
1968 941 2015 982 et
2048 936 2353 984 Anatholium

426 1032 513 1079 pro
553 1015 598 1063 se
638 1015 913 1064 introduxit.
997 1017 1040 1065 E
1080 1017 1299 1066 converso
1339 1018 1536 1067 instabat
1581 1019 1693 1067 cleri
1732 1021 1880 1084 major
1918 1038 2038 1085 pars,
2080 1023 2203 1071 inter
2238 1041 2353 1086 quos

426 1103 705 1167 praecipuus
744 1110 846 1152 erat
886 1105 1112 1152 Ronanus
1146 1105 1348 1161 nomine,
1389 1106 1577 1154 natione
1618 1106 1796 1163 Scotus,
1845 1115 1898 1155 ut
1936 1125 2043 1156 xxv.
2084 1126 2182 1174 cap.
2223 1111 2353 1159 Beda

426 1189 595 1247 afferit,
633 1191 683 1239 in
723 1191 878 1240 Gallia
913 1192 988 1240 vel
1027 1192 1077 1240 111
1116 1192 1255 1241 Italia
1293 1193 1521 1241 edoctus:
1563 1200 1612 1241 et
1650 1194 1805 1257 postea
1841 1193 2087 1259 subjungit,
2129 1197 2349 1260 quicquid

424 1286 586 1328 tamen
642 1278 708 1335 fit,
762 1279 954 1342 quidam
1006 1279 1132 1327 enim
1192 1279 1500 1342 pestilentiam
1555 1281 1782 1335 obortam,
1838 1281 1918 1328 alii
1973 1281 2197 1330 victoriae
2252 1284 2349 1347 pal-

425 1383 552 1414 mam
591 1366 635 1414 ei
676 1373 899 1430 ereptam,
940 1365 1126 1414 causam
1170 1364 1430 1415 insulfivam
1468 1366 1734 1413 revertendi
1773 1373 1966 1430 ponunt,
2007 1369 2131 1432 apud
2170 1370 2346 1432 Anglos

425 1453 679 1502 Colmanus
722 1453 984 1517 longiorem
1028 1469 1210 1501 moram
1249 1453 1437 1500 trahere
1478 1452 1664 1508 noluit;
1709 1453 2025 1516 praesulatum
2069 1461 2227 1502 autem
2271 1458 2350 1503 ab-

424 1541 609 1597 dicavit,
660 1547 709 1589 et
754 1541 804 1588 in
847 1540 1050 1605 patriam
1095 1539 1305 1588 reversus
1357 1539 1433 1589 est.
1533 1540 1648 1588 Inde
1698 1541 1955 1588 concedens
2006 1541 2055 1589 in
2108 1541 2347 1597 Hebrides‚

423 1629 754 1677 monasterium
800 1627 1022 1684 condidit,
1069 1634 1117 1675 et
1161 1627 1392 1691 reliquam
1437 1627 1552 1675 inibi
1604 1643 1711 1674 cum
1756 1626 1988 1691 discipulis
2035 1626 2126 1675 suis
2169 1630 2350 1692 peregit

423 1717 547 1765 vitae
586 1716 865 1780 portionem.
957 1715 1092 1763 Alius
1131 1715 1257 1762 enim
1297 1715 1374 1762 hic
1409 1715 1484 1771 est,
1527 1720 1575 1763 et
1617 1721 1829 1778 tempore
1867 1714 2008 1777 prior,
2048 1714 2128 1762 illo
2168 1716 2247 1778 qui
2291 1718 2349 1763 ab

424 1805 676 1853 Austriacis
714 1804 994 1869 martyrium
1033 1801 1187 1867 paffus
1223 1803 1298 1858 est,
1335 1803 1445 1850 licet
1484 1820 1513 1850 a
1551 1802 1735 1851 Lessaeo
1773 1802 1823 1849 hi
1859 1803 1951 1850 duo
1991 1803 2344 1852 confundentur.

423 1893 514 1941 Hic
558 1892 697 1948 enim,
735 1892 793 1940 de
839 1907 932 1955 quo
972 1906 1057 1938 nos
1093 1890 1340 1953 loquimur,
1381 1889 1678 1946 Colmannus‚
1719 1890 1838 1938 alter
1877 1891 2190 1939 Colomannus
2235 1892 2346 1939 dici-

420 1989 511 2037 tur,
548 1980 629 2045 qui
652 1980 796 2028 etiam
818 1976 1029 2027 claruisse
1051 1978 1202 2026 fertur
1223 1993 1346 2025 anno
1370 1977 1561 2025 Domini
1586 1980 1725 2025 1013.
1793 1976 2024 2040 Congeffit

612 2068 800 2116 'Contra
839 2064 1203 2114 Caerimoniales
1243 2064 1546 2121 Romanistas,
1586 2081 1672 2128 pro
1714 2065 1862 2113 Sociis
1902 2064 2343 2121 Quartadecimanis‚

686 2155 765 2203 lib.
790 2169 822 2201 1.

618 2243 815 2290 Veteres
837 2248 886 2289 et
908 2240 1091 2288 sanctas
1114 2238 1431 2287 Ascetriarum
1454 2237 1833 2292 Consuetudines,
1857 2244 1943 2285 etc.

422 2329 604 2380 Olaruit
627 2346 752 2378 anno
775 2327 973 2392 virginei
995 2333 1158 2390 partus
1183 2325 1291 2381 670,
1315 2324 1398 2373 sub
1420 2324 1662 2373 Malduino
1684 2340 1807 2387 rege.

1127 2522 1214 2570 DE
1249 2521 1646 2570 CUTHBERTO.

420 2682 774 2734 CUTHBERTUS,
820 2675 1141 2726 Mailrofienfis
1186 2674 1453 2729 monachus,
1499 2679 1548 2722 et
1592 2671 1868 2719 Dunelmiae
1912 2669 2106 2733 praesul,
2154 2670 2339 2718 natione

419 2769 600 2823 ScotuS,
636 2766 687 2814 in
722 2765 900 2813 Mercia
935 2780 1030 2812 non
1066 2762 1230 2827 procul
1265 2778 1294 2809 a
1330 2761 1528 2809 Bervico
1562 2758 1745 2822 oppido,
1780 2757 1906 2805 claro
1939 2756 2164 2820 sanguine
2194 2763 2340 2810 natus,

418 2857 468 2904 in
512 2853 688 2903 teneris
726 2852 861 2901 annis
899 2851 982 2899 sub
1022 2851 1145 2898 Eata
1189 2849 1330 2897 Scoto
1370 2847 1574 2911 primum
1618 2841 1911 2898 anteceffore,
1957 2842 2123 2890 deinde
2166 2844 2333 2890 abbate

420 2946 557 3008 Boys,
614 2941 696 2988 illo
752 2928 802 2987 in
857 2938 1083 2987 coenobio
1138 2933 1435 2985 Mailrofienfi
1485 2931 1851 2996 quamplurimos
1899 2945 2045 2977 annos
2103 2928 2337 2991 transegit,

419 3047 513 3095 quo
549 3030 598 3078 in
634 3029 737 3076 loco
772 3026 985 3090 optimos,
1022 3031 1122 3072 tam
1157 3023 1206 3070 in
1242 3021 1410 3069 divinis
1445 3018 1726 3082 Scripturis,'
1741 3033 1882 3080 quam
1921 3015 1970 3062 in
2003 3014 2176 3062 artium
2214 3014 2337 3061 secu-

419 3119 590 3168 larium
629 3114 832 3169 scientia,
871 3112 983 3161 fecit
1021 3107 1293 3175 progrefl'us.
1384 3106 1566 3155 Deinde
1605 3104 1914 3154 Colmannum
1952 3118 2037 3167 per
2082 3102 2338 3150 Northum-

419 3206 571 3254 briam
610 3203 806 3257 secutus,
844 3198 1184 3247 Lindisfarnam
1219 3195 1265 3243 se
1302 3192 1537 3249 contulit;
1579 3191 1769 3240 tandem
1805 3189 1983 3237 electus
2021 3188 2086 3236 est
2120 3189 2180 3236 ad
2221 3189 2337 3251 epis-

419 3299 639 3357 copatum
697 3285 1119 3354 Hagulstadensem,
1176 3283 1254 3331 sed
1307 3283 1498 3330 evectus
1550 3279 1610 3329 ad
1653 3277 2082 3332 Lindisfarnensem‚
2134 3278 2336 3325 maxima
