2938 3900
981 431 1068 473 DE
1114 431 1575 476 SCRIPTORIBUS
1626 435 1851 478 SCOTIS.
2349 444 2407 483 83

458 557 685 623 exquifiti,
745 563 1054 620 veterumque
1102 556 1484 621 jurisperitorum
1541 566 1589 607 et
1643 559 1975 625 theologorum
2040 561 2243 610 lectione
2300 580 2409 612 con-

457 647 645 702 firmati,
682 646 810 710 quod
846 645 1033 693 abunde
1073 645 1322 694 ostendunt
1361 646 1714 695 lucubrationes
1760 647 1860 711 ejus
1899 648 1949 695 in
1995 649 2124 696 omni
2164 649 2408 698 doctrinae

454 751 627 800 genere
674 734 724 782 in
769 733 1014 798 publicum
1055 733 1224 783 editae.
1317 734 1408 782 Hic
1448 735 1655 792 tandem,
1696 742 1751 784 ut
1792 736 1966 784 Baleus
2012 737 2171 794 refert,
2218 738 2407 786 nomine

455 821 735 871 eruditionis
771 827 820 869 et
859 820 1061 869 aliarum
1101 821 1346 878 virtutum,
1388 822 1463 869 vel
1500 823 1626 887 apud
1663 823 1814 887 ipsum
1856 824 2144 873 Edwardum
2182 825 2406 881 Tertium,

457 911 538 975 qui
573 918 678 960 tum
716 909 884 974 Anglis
915 909 1261 963 dominabatur,
1300 910 1349 957 in
1385 927 1558 974 magno
1589 911 1744 975 pretio
1783 911 1905 969 fuit3
1939 930 1969 961 a
2005 929 2100 976 quo
2134 912 2280 961 etiam
2312 929 2408 961 non

454 1001 596 1064 lougo
641 999 742 1063 post
785 1006 1001 1064 tempore
1048 999 1395 1048 Lichfeldienfis
1441 999 1798 1048 archidiaconus
1841 1000 2062 1064 primum,
2111 1001 2268 1065 postea
2313 1002 2408 1049 Ox-

455 1086 652 1135 onienfis
706 1086 932 1152 gymnafii
988 1087 1197 1135 summus
1254 1087 1573 1145 cancellarius,
1626 1104 1682 1135 ac
1729 1087 1969 1136 noviffime
2028 1087 2405 1153 archiepiscopus

456 1175 788 1224 Armachanus
838 1175 895 1222 in-
943 1174 1175 1224 Hibernia
1231 1173 1577 1238 designabatur.
1668 1176 1788 1224 Toto
1846 1157 1991 1225 etiam
2045 1177 2136 1226 hoc
2191 1183 2405 1241 tempore

454 1262 644 1328 peffime
712 1263 757 1311 ei
821 1279 930 1310 cum
988 1263 1355 1320 fraterculorum
1408 1262 1781 1319 mendicantium
1838 1242 2089 1321 ordinibus·
2142 1264 2404 1320 convenit3

454 1352 609 1400 acrius
649 1350 877 1414 fiquidem
914 1350 965 1397 in
998 1350 1202 1414 publicis
1238 1349 1524 1398 lectionibus
1563 1354 1612 1396 et
1652 1349 1956 1398 concionibus
1995 1349 2099 1406 suis,
2139 1351 2235 1399 imo
2272 1358 2320 1398 et
2356 1352 2407 1399 in

453 1437 693 1486 nonnullis
739 1437 873 1485 libris
919 1436 1073 1493 editis,
1120 1453 1286 1485 eorum
1331 1436 1533 1500 ineptias
1578 1437 1816 1500 carpebat,
1863 1444 1912 1484 et
1958 1437 2063 1487 illas
2107 1437 2260 1486 sectas
2303 1445 2408 1487 tan-

453 1544 597 1591 quam
629 1527 762 1575 fucos
796 1533 846 1574 et
879 1525 1066 1574 telluris
1103 1525 1290 1574 inutilia
1328 1525 1540 1590 pondera
1573 1524 1892 1588 explodendas
1931 1525 2261 1575 contendebat.
2330 1526 2406 1574 Illi

452 1632 565 1663 vero
602 1615 730 1663 hunc
775 1613 1022 1663 haereseos
1071 1614 1198 1678 apud
1245 1614 1517 1661 Romanum
1561 1612 1835 1676 pontificem
1880 1612 2171 1662 accusarunt.
2268 1615 2406 1663 Com-

451 1702 727 1767 parentibus
772 1718 886 1766 ergo
931 1709 1033 1750 tam
1080 1701 1429 1766 archiepiscopo
1475 1717 1619 1764 quam
1664 1700 1890 1749 fratribus
1947 1701 2192 1750 Avenione
2245 1718 2404 1751 coram

452 1808 576 1855 papa
613 1789 891 1838 Innocentio
933 1789 1080 1838 Sexto
1114 1796 1162 1837 et
1194 1788 1524 1845 cardinalibus,
1565 1788 1752 1852 publice
1792 1789 2005 1852 protulit,
2046 1788 2175 1853 legit,
2210 1795 2258 1837 et
2297 1806 2403 1853 pro-

453 1879 696 1932 nunciavit
731 1878 990 1927 earundem
1026 1876 1406 1942 Propofitionum
1439 1876 1629 1934 suarum
1652 1875 1732 1924 lib.
1758 1891 1790 1923 1.

560 1997 565 2001 -
653 1968 905 2016 Sermones
927 1967 1074 2015 etiam
1096 1965 1284 2031 scripfit,
1308 1966 1388 2014 lib.
1413 1980 1445 2012 1.

652 2055 956 2124 Quaestiones
980 2054 1347 2110 Sententiarum,
1371 2053 1451 2102 lib.
1476 2067 1546 2102 IV.

653 2142 890 2191 Adversus
912 2143 1112 2192 Errores
1135 2142 1485 2197 Armeniorum,
1509 2140 1589 2189 lib.
1615 2154 1763 2188 xxlx.

653 2232 834 2280 Contra
856 2232 1050 2280 Fratres
1072 2230 1411 2286 Mendicantes,
1435 2230 1515 2277 lib.
1539 2242 1648 2277 XVI.

651 2319 725 2366 De
749 2319 1039 2382 Paupertate
1064 2318 1341 2374 Servatoris,
1365 2317 1445 2365 lib.
1470 2331 1562 2364 vn.

651 2406 994 2455 Illustrationes
1016 2406 1398 2471 Evangeliorum,
1422 2405 1502 2452 lib.
1526 2418 1597 2451 1v.

655 2494 884 2559 Dialogos
906 2494 1080 2558 plures.

652 2582 726 2630 De
749 2582 1101 2636 Intentionibus
1122 2582 1155 2629 J
1157 2582 1429 2629 udaeorum.

644 2669 725 2721 ‘De
747 2670 780 2717 J
782 2686 867 2717 ure
891 2669 1151 2733 spirituali,
1177 2669 1258 2717 lib.

650 2757 902 2809 Sermones
924 2758 985 2806 ad
1008 2757 1210 2810 Crucem
1229 2755 1383 2811 Pauli,
1407 2754 1487 2803 lib.
1506 2768 1544 2801 ⁴1.

653 2844 905 2896 Sermones
927 2861 1088 2897 coram
1110 2843 1357 2899 Pontifice,
1382 2842 1462 2891 lib.
1488 2857 1522 2891 1.

651 2932 724 2981 De
748 2932 890 2985 Statu
911 2931 1161 2983 universali
1183 2929 1428 2987 Ecclefiae,
1452 2929 1532 2978 lib.
1555 2943 1588 2976 1.
2187 2979 2193 2983 ,

452 3021 515 3068 Et
548 3019 642 3068 alia
673 3020 826 3068 multa
858 3018 1046 3084 scripfit,
1085 3034 1206 3083 quae
1240 3017 1426 3081 plenius
1457 3032 1488 3064 a
1520 3014 1659 3063 nobis
1691 3020 2030 3075 enumerantur
2067 3013 2194 3062 alibi.
2267 3015 2397 3066 Obiit

451 3107 592 3157 senex
633 3108 888 3157 admodum
937 3106 1182 3156 Avenione
1228 3107 1292 3152 20
1339 3103 1415 3152 die
1461 3101 1742 3157 Novembris
1793 3117 1918 3151 anno
1965 3100 2190 3156 salutiferi
2234 3109 2397 3166 partus

456 3198 597 3252 1359,
622 3195 705 3244 sub
731 3195 913 3249 Davide
939 3194 1171 3251 SecundO,
1197 3193 1448 3242 Scotorum
1470 3206 1594 3255 rege.
