2938 3900
1640 283 1678 290 .-

951 427 1035 468 DE
1087 428 1543 472 SCRIPTORIBUS
1593 431 1813 474 SCOTIS.
2286 439 2339 478 45

616 551 743 599 Acta
765 549 847 598 SS.
877 550 1102 600 Germani
1125 558 1173 600 et
1196 552 1328 617 Lupi,
1352 553 1430 602 lib.
1455 568 1487 601 1.

615 637 803 701 Regum
826 637 1162 687 Britannorum
1186 639 1449 697 Historiam,
1473 641 1552 690 lib.
1576 656 1608 689 1.

614 725 688 773 De
711 725 926 775 Victoria
949 727 1130 775 Aurelii
1154 727 1399 786 Ambrosii,
1423 729 1502 778 lib.
1526 743 1558 776 1.

615 812 787 861 Versus
810 813 1164 871 Vaticiniorum,
1190 814 1268 863 lib.
1292 830 1324 863 1.

615 899 687 948 De
712 900 858 949 Sexto
881 901 1223 965 Cognoscendo,
1247 902 1326 951 lib.
1351 917 1383 950 1.

614 987 767 1052 Super
789 989 955 1037 eodem
978 989 1137 1045 Sexto,
1161 988 1240 1037 lib.
1264 1003 1297 1037 1.

417 1073 617 1138 Aliaque
674 1091 816 1139 opera
870 1092 992 1139 quae
1043 1076 1270 1140 temporis
1320 1076 1490 1141 injuria
1544 1076 1796 1140 perierunt.
1887 1076 2123 1126 Praediffi
2168 1076 2332 1127 Gildae

416 1160 562 1208 vitam
585 1161 763 1227 scripsit
787 1163 1053 1212 Caradocus
1075 1163 1480 1222 Laucarbanenfis,
1504 1165 1594 1214 hoc
1615 1166 1776 1214 addito
1799 1166 2031 1214 carmine:

886 1314 1080 1353 Historiae
1098 1313 1234 1352 veteris
1252 1315 1387 1354 Gildas
1402 1317 1618 1356 luculentus
1634 1322 1757 1356 arator

936 1388 1046 1426 Haec
1062 1387 1203 1432 retulit,
1221 1400 1337 1439 parvo
1354 1389 1519 1429 carmine
1535 1390 1644 1440 plura
1660 1394 1807 1427 notans.

414 1516 623 1563 Tandem
657 1515 715 1563 de
748 1515 990 1580 republica
1023 1517 1233 1567 literaria
1259 1517 1436 1582 optime
1469 1517 1677 1574 meritus,
1713 1519 1746 1565 4
1779 1517 1876 1566 Cal.
1910 1517 2154 1565 Februarii
2191 1517 2333 1564 vitam

362 1671 367 1675 .
413 1602 565 1650 finivit
610 1603 660 1650 in
705 1602 854 1651 insula
893 1603 977 1659 Ila,
1024 1604 1105 1652 ubi
1151 1611 1199 1653 et
1243 1604 1450 1669 sepultus
1489 1604 1564 1660 est,
1605 1621 1728 1654 anno
1768 1610 2011 1668 reparatae
2050 1603 2208 1653 salutis
2250 1604 2333 1650 hu-

414 1705 581 1739 manae
605 1691 715 1746 512,
739 1690 823 1738 sub
846 1690 1064 1739 Conrano
1089 1691 1337 1740 Scotorum
1359 1708 1484 1755 rege.

986 1885 1073 1934 DE
1108 1884 1357 1933 DAVIDE
1390 1885 1773 1934 MENEVENSI.

417 2038 591 2086 DAVID
631 2034 922 2084 Menevenfis
967 2036 1233 2101 Episcopus,
1274 2037 1462 2086 natione
1503 2037 1682 2093 Scotus,
1717 2036 1902 2085 Paulini
1942 2043 1990 2085 et
2030 2037 2162 2085 Iltuti
2200 2054 2332 2100 prae-

416 2131 660 2189 ceptorum
696 2121 1060 2171 doctiflimorum
1103 2124 1363 2188 discipulus,
1399 2125 1471 2173 vir
1505 2124 1586 2173 suo
1626 2125 1806 2173 saeculo
1840 2124 1964 2172 vitae
2000 2123 2244 2173 sanetitate
2285 2132 2331 2171 et

416 2211 638 2276 fingulari
678 2210 895 2259 doctrina
927 2211 1132 2259 multum
1165 2212 1374 2268 celebris,
1408 2213 1468 2260 ab
1501 2210 1609 2275 ipfis
1640 2211 1815 2259 teneris
1847 2210 1982 2259 annis
2018 2211 2067 2258 in
2102 2211 2333 2258 exercitiis

415 2300 604 2366 pietatis
660 2305 708 2347 et
763 2300 993 2347 bonarum
1049 2298 1294 2347 literarum
1348 2298 1523 2347 solicite
1578 2300 1638 2346 ab
1694 2298 1841 2346 Iltuto
1893 2298 2034 2346 Scoto
2095 2298 2328 2346 educatus.

416 2388 580 2451 Spatio
620 2387 783 2435 decem
827 2402 1059 2434 annorum
1097 2384 1269 2434 affidue
1308 2385 1358 2433 in
1403 2385 1449 2433 S.
1496 2385 1764 2448 Scripturae
1802 2367 2005 2433 leetione
2050 2391 2098 2432 et
2140 2385 2333 2432 medita-

415 2476 544 2524 tione
580 2473 802 2529 versatus,
842 2489 930 2522 nec
968 2473 1084 2521 alios
1121 2473 1302 2522 interea
1339 2471 1564 2536 temporis
1598 2471 1764 2519 docere
1802 2469 2036 2535 aggreffus
2074 2471 2150 2519 est.
2216 2471 2331 2519 Erat

416 2563 571 2617 etiam,
617 2568 672 2609 ut
716 2560 948 2609 Lelandus
1003 2567 1051 2608 et
1103 2560 1183 2608 alii
1228 2559 1402 2616 dicunt,
1447 2558 1660 2608 amabilis
1715 2558 1862 2614 valde,
1916 2558 2049 2606 vultu
2104 2558 2327 2613 venustus,

414 2650 566 2697 forma
609 2647 890 2712 praeclarus,
935 2646 1175 2703 facundus,
1219 2646 1454 2710 eloquens,
1501 2652 1549 2694 et
1594 2652 1796 2709 quatuor
1840 2646 2104 2694 cubitorum
2159 2645 2329 2694 statura

416 2733 616 2782 erectus.
686 2732 947 2780 Duodecim
976 2731 1254 2780 monasteria
1285 2731 1558 2787 construxit,
1587 2738 1635 2779 et
1668 2731 1920 2779 monachos
1950 2730 2136 2779 suarum
2169 2748 2329 2780 manu-

415 2838 497 2868 um
528 2819 766 2868 laboribus
801 2819 1018 2867 victitare
1054 2819 1263 2867 instituit.
1320 2818 1622 2883 Pelagianam
1651 2816 1861 2866 haerefin
1892 2817 2167 2881 profligavit,
2204 2819 2326 2865 unde

416 2907 663 2956 Cambriae
698 2905 1021 2969 metropolites
1050 2911 1100 2953 et
1126 2904 1301 2969 primas
1332 2903 1486 2953 faetus
1513 2904 1603 2959 est3
1639 2909 1780 2966 atque
1811 2903 1952 2951 etiam
1974 2919 2190 2966 magnam
2219 2919 2326 2951 cum

415 2996 627 3044 Arthuro
671 3009 782 3057 rege
818 2992 954 3040 inivit
991 2992 1206 3056 gratiam,
1247 2990 1365 3039 adeo
1400 2995 1454 3037 ut
1490 2990 1550 3037 ab
1583 2988 1747 3036 eodem
1783 3003 1892 3051 rege
1929 2988 1989 3036 ad
2027 2988 2326 3051 archiepisco-

415 3089 579 3147 patum
615 3079 670 3128 fit
714 3081 918 3135 evee’ms,
958 3085 1012 3126 ut
1047 3076 1188 3125 fufius
1226 3075 1372 3125 tradit
1407 3074 1685 3138 Ranulphus
1725 3073 1996 3129 Cestrienfis,
2036 3074 2114 3122 lib.
2154 3074 2183 3121 i.
2224 3091 2322 3138 cap.

416 3169 480 3216 lii.
506 3187 516 3216 :
566 3167 691 3232 quod
731 3167 797 3215 ita
835 3166 895 3214 ad
933 3165 1311 3213 Normannorum
1349 3162 1492 3226 usque
1530 3168 1744 3225 tempora
1780 3160 2040 3225 permansit,
2079 3169 2128 3210 et
2167 3178 2326 3211 omnes

416 3255 617 3320 episcopi
653 3253 897 3304 Vallorum
934 3253 994 3300 ab
1028 3251 1136 3315 ipso,
1173 3256 1227 3299 ut
1260 3266 1290 3298 a
1321 3249 1403 3298 suo
1435 3248 1648 3313 primate,
1685 3247 2075 3298 consecrationem
2113 3264 2323 3313 acceper-
