2938 3900
1271 434 1302 461 V

316 562 427 597 non
463 558 647 616 ‘pauca
692 544 1063 617 interpolavit,
1105 553 1162 599 et
1207 546 1476 600 dictiones
1521 548 1719 618 passim
1766 549 2111 611 immutavit3
2158 569 2239 603 res

316 635 536 706 pessimi
564 655 693 690 sane
721 636 976 709 exempli,
1005 656 1106 691 nec
1133 638 1249 691 sine
1277 639 1514 692 censoris
1540 647 1672 692 nota
1699 640 2060 693 admittenda.

391 727 496 780 Sed
525 731 642 800 jam
684 730 969 783 redeamus
1009 730 1082 782 ad-
1115 728 1283 783 libros
1322 731 1391 783 de
1430 730 1796 802 Scriptoribus
1838 732 2023 795 Scotis,
2060 731 2243 786 hacte-

317 838 422 872 nus
462 821 519 872 in
547 820 897 875 bibliothecis
926 822 1439 893 Edinburgensium
1466 821 1716 876 latentes.
1799 822 2047 888 Lelandi‚
2076 823 2244 887 Balei,

320 912 750 984 Dempsterique
778 914 1010 985 vestigia
1048 914 1163 967 fere
1201 914 1568 985 persequitur,
1595 922 1652 967 et
1678 915 1896 968 inanem
1938 915 2245 987 saepissime

316 1005 528 1075 patriae
573 1004 805 1077 gloriam
846 1014 1063 1078 captat:
1119 1006 1341 1061 Coelius
1386 1005 1655 1070 Sedulius,
1699 1007 1961 1061 Rabanus
2000 1007 2246 1069 MauruS‚

316 1096 561 1151 Joannes
603 1098 860 1170 Erigena,
902 1098 1190 1152 Marianus
1229 1101 1436 1162 Scotus,
1477 1106 1609 1151 sunt
1651 1117 1839 1152 omnes
1878 1100 2023 1152 inter
2061 1100 2246 1152 Scotos

317 1195 533 1242 nostros
580 1189 754 1243 relati.
849 1190 1127 1244 Robertus
1168 1190 1302 1244 item
1349 1189 1722 1261 Langlandus‚
1770 1191 1999 1262 insignis
2043 1189 2249 1261 Anglo-

318 1297 443 1332 rum
496 1288 674 1351 poeta,
741 1289 883 1334 teste
936 1281 1292 1345 Buchanan0‚
1345 1281 1570 1334 natione
1622 1281 1732 1333 fuit
1782 1283 1987 1345 Scotus,
2051 1281 2248 1334 “inter

318 1372 616 1425 monachos
669 1372 1065 1426 Benedictinos
1118 1373 1386 1426 educatus
1438 1372 1496 1424 in
1547 1371 1769 1424 civitate
1825 1372 2248 1425 Aberdonensi.”

320 1463 494 1517 Amor
532 1465 744 1536 patriae
783 1464 1098 1518 laudandus
1125 1472 1222 1529 est,
1261 1464 1358 1518 sed
1384 1482 1504 1516 acre
1544 1464 1944 1534 subactumque
1977 1463 2251 1535 judicium

321 1557 711 1611 desideramus.
790 1558 959 1611 Ratio
1001 1566 1316 1629 temporum
1362 1574 1521 1628 saepe
1572 1554 1822 1626 neglecta
1867 1562 1962 1619 est,
2008 1555 2143 1608 adeo
2187 1563 2250 1607 ut

320 1650 457 1703 ordo
484 1650 761 1722 seriesque
788 1669 984 1721 regum
1010 1651 1314 1714 Scotorum,
1341 1666 1579 1720 quorum
1606 1648 1677 1701 ad
1702 1654 1939 1700 aetatem
1966 1647 2254 1719 scriptores

322 1760 449 1795 suos
476 1743 660 1806 refert,
706 1742 1012 1796 identidem
1039 1743 1111 1796 sit
1150 1742 1386 1795 turbata.
1464 1739 1651 1811 Stylus
1690 1758 1801 1792 non
1829 1739 2035 1811 ubique
2074 1757 2254 1809 comp-

325 1842 415 1887 tus
456 1842 513 1887 et
551 1833 726 1887 facilis
773 1842 870 1898 est,
911 1853 1013 1887 nec
1052 1833 1272 1887 dicendi
1316 1851 1491 1904 genus
1530 1831 1661 1884 satis
1688 1830 1969 1884 Latinum.
2046 1829 2256 1883 Verum

325 1926 607 1980 enimvero
653 1934 892 1998 uterque
943 1926 1083 1980 liber
1134 1927 1357 1980 indocta
1401 1942 1572 1977 manu
1618 1930 1701 1976 est
1752 1922 2069 1994 exscrithS,
2114 1920 2255 1974 mul-

327 2019 511 2091 tisque
557 2020 616 2073 in
662 2019 796 2073 locis
842 2018 987 2072 male
1031 2019 1270 2072 habitus.
1362 2016 1535 2069 Haud
1575 2033 1750 2086 pauca
1802 2013 2144 2067 restituimus
2190 2031 2258 2065 ex

330 2110 657 2176 Trithemio,
698 2111 883 2175 Baleo,
924 2111 1176 2174 Boethio,
1217 2107 1459 2171 Leslan,
1498 2106 1744 2178 aliisque,
1785 2123 2020 2177 quorum
2060 2104 2257 2157 scrinia

331 2202 664 2276 compilavit.
746 2203 996 2256 Primum
1045 2202 1246 2256 codicis
1290 2199 1454 2273 primi
1496 2198 1692 2251 folium
1733 2205 1820 2251 est
1861 2196 2056 2250 leviter
2092 2196 2259 2248 muti-

330 2296 527 2360 latum,
578 2303 635 2348 et
682 2297 848 2349 verba
900 2295 1172 2366 quaedam
1227 2313 1295 2347 ex
1345 2290 1590 2345 Sibbaldi
1642 2288 1955 2361 apographo
2006 2288 2260 2341 restituta

333 2397 481 2443 sunt.
563 2388 714 2442 Hinc
753 2387 999 2441 manavit
1040 2389 1273 2449 νηπιοδυτα,
1315 2402 1422 2436 vox
1460 2380 1637 2445 nihili,
1678 2399 1777 2452 pro
1817 2399 1928 2452 qua
1965 2379 2259 2451 legendum

334 2500 529 2535 censeo
569 2485 822 2548 νηπιὸφρονα,
864 2480 922 2532 id
948 2487 1044 2543 est,
1085 2476 1286 2551 puerili
1321 2474 1638 2529 innocentia
1670 2473 1997 2544 praeditum.
2073 2470 2262 2523 Codex

335 2591 505 2626 unam
571 2572 964 2625 tantummodo
1028 2569 1295 2643 syllabam
1347 2567 1604 2630 ostendit,
1656 2586 1709 2621 νη.
1816 2565 1955 2617 Mox
2016 2562 2262 2634 legimus,

335 2673 363 2697 ‘⁶
390 2684 538 2719 anno
578 2664 820 2718 secundo
866 2671 991 2734 post
1015 2661 1225 2716 bellum
1265 2659 1408 2713 illud
1434 2659 1503 2712 de
1529 2656 1652 2712 Cul.
1688 2656 1882 2710 aetatis
1909 2673 2037 2708 suae
2072 2657 2262 2717 anno,’‘

338 2766 395 2811 et
439 2775 584 2828 quae
635 2762 963 2827 sequuntur.
1056 2755 1146 2807 Ex
1190 2751 1506 2805 Adomnani
1551 2749 1683 2803 Vita
1727 2747 2043 2810 Columbae,
2088 2745 2180 2799 lib.
2228 2745 2262 2797 i.

340 2869 456 2923 cap.
482 2849 573 2902 vii.
617 2846 996 2919 supplevimus
1022 2844 1393 2900 Culedrebene.

415 2941 506 2994 Ad
550 2939 754 2993 calcem
799 2938 1002 2992 codicis
1048 2935 1342 2991 academici
1389 2941 1472 2987 est
1522 2939 1550 2964 ‘⁶
1575 2930 1871 3003 Appendix
1915 2929 2263 3000 quorundam

341 3034 683 3106 Scriptorum
729 3037 949 3084 nostrae
995 3028 1266 3091 NationiS,
1318 3027 1388 3079 de
1433 3025 1635 3097 quibus
1687 3022 1963 3094 plerisque
2007 3039 2168 3093 parca
2211 3035 2267 3074 et

335 3115 534 3200 jejuna
572 3124 722 3197 apud
746 3121 1032 3176 historicos
1070 3119 1281 3173 mentio
1313 3116 1600 3189 reperitur,
1640 3123 1696 3168 et
1722 3132 1959 3185 quorum
1986 3111 2074 3167 vel
2106 3131 2268 3185 opera

341 3237 488 3291 quae
526 3217 877 3290 scripserunt,
915 3212 1003 3267 vel
1030 3211 1191 3266 aliter
1229 3228 1371 3282 quae
1397 3209 1455 3262 in
1495 3226 1554 3261 re
1579 3205 1822 3260 literaria
1858 3204 2267 3278 praestiterunt,
