2938 3900
633 430 717 471 114
1151 425 1237 469 DE
1288 426 1742 470 SCRIPTORIBUS
1791 426 2014 470 SCOTIS.

1162 655 1248 704 DE
1279 631 1569 704 enonfflo
1603 654 2017 705 BUCHANANO.

632 810 888 860 Gmnoms
949 808 1311 862 BuanNAmIs,
1379 807 1528 855 Poeta
1578 813 1628 854 et
1682 806 1949 863 Historicus,
2006 807 2057 855 in
2106 807 2301 858 Levinia
2327 831 2331 836 ·
2362 810 2555 862 scotiae

631 897 865 963 provincia
920 903 1059 946 natus
1115 896 1192 951 est,
1242 895 1304 943 ad
1356 893 1560 942 Blanum
1611 909 1813 950 amnem,
1864 893 1914 941 in
1969 893 2082 943 villa
2134 894 2320 951 rustica,
2375 896 2556 947 familia

629 985 774 1049 magis
811 984 988 1034 vetusta
1031 999 1172 1047 quam
1211 981 1447 1046 opulenta,
1491 996 1522 1028 a
1564 980 1768 1043 pueritia
1808 980 1858 1027 in
1899 979 2049 1028 literis
2086 979 2269 1029 utiliter
2311 981 2550 1033 educam.

630 1071 876 1135 Postquam
913 1069 1170 1120 avunculus
1208 1069 1307 1133 ejus
1341 1068 1392 1116 in
1426 1066 1593 1116 scholis
1627 1066 1793 1130 patriis
1827 1065 1955 1130 spem
1991 1066 2050 1114 de
2083 1066 2273 1130 ingenio
2313 1067 2413 1131 ejus
2445 1083 2555 1117 con-

626 1156 823 1221 oepiffet,
868 1156 1104 1206 Lutetiam
1143 1154 1427 1210 amandavit,
1466 1153 1549 1202 ubi
1588 1153 1775 1202 circiter
1813 1152 2056 1201 biennium
2096 1153 2342 1203 literarum
2381 1154 2554 1211 studiis,

627 1244 827 1293 maxime
872 1243 1156 1293 carminibus
1206 1241 1471 1297 scribendiS,
1531 1256 1723 1304 operam
1773 1239 1917 1288 dedit.
2007 1224 2172 1290 Postea
2228 1241 2395 1290 morbo
2452 1256 2555 1291 cor-

627 1338 796 1394 reptus,
838 1330 899 1379 ad
943 1329 1049 1378 suos
1088 1330 1153 1380 est
1187 1328 1412 1385 reversus»,
1454 1335 1502 1377 et
1542 1343 1652 1377 cum
1689 1325 1878 1375 auxiliis
1918 1325 2165 1374 Gallorum
2203 1326 2254 1374 in
2298 1326 2445 1376 castra
2489 1328 2555 1376 est

624 1418 872 1481 profeaus,
923 1425 1121 1482 urgente
1167 1416 1249 1466 sua
1298 1414 1578 1465 necestitate.
1655 1414 1795 1461 Anno
1847 1419 2009 1462 autem
2055 1411 2271 1476 proxime
2315 1412 2553 1476 sequente,

624 1505 775 1568 primo
821 1521 1007 1569 quoque
1051 1521 1174 1561 vere,
1213 1504 1368 1553 fastus
1403 1503 1468 1552 est
1503 1501 1692 1551 auditor
1726 1499 1926 1549 Joannis
1963 1499 2158 1563 Majoris
2201 1499 2250 1547 in
2294 1500 2552 1550 Academia

626 1591 1034 1655 Andreapolitana.
1119 1590 1259 1638 Hunc
1301 1589 1351 1637 in
1390 1588 1594 1638 Galliam
1638 1586 1810 1634 aestate
1852 1584 2069 1648 proxima
2112 1583 2310 1640 secutus,
2359 1586 2552 1634 tandem

628 1678 673 1725 in
730 1678 989 1742 Collegium
1048 1678 1376 1726 Bal-baranum
1434 1675 1623 1730 accitus,
1679 1687 1826 1736 prope
1881 1670 2138 1719 triennium
2193 1671 2552 1734 grammaticam

625 1765 814 1813 docuit:
863 1765 1030 1813 deinde
1074 1782 1104 1813 a
1147 1764 1362 1814 Gilberto
1417 1759 1663 1812 caffiliffae
1708 1758 1893 1815 comite,
1941 1758 2183 1822 postquam
2238 1758 2549 1822 quinquennii

627 1850 788 1914 spatio⁶
805 1853 848 1900 ei
882 1852 1165 1908 adhaeserat,
1206 1852 1254 1899 in
1294 1851 1501 1900 Scotiam
1538 1849 1603 1898 est
1640 1847 1878 1902 reduetus
1915 1845 1998 1894 ubi
2036 1862 2066 1893 a
2101 1861 2213 1909 rege
2254 1851 2459 1909 rogatus,
2501 1845 2551 1894 in

627 1939 952 1988 Franciscanos
989 1939 1146 1988 silvam
1183 1938 1394 2003 protulit.
1473 1936 1597 1984 Hinc
1634 1934 1838 1998 patriam
1876 1932 2202 1996 derelinquere
2242 1932 2307 1981 est
2344 1933 2551 1988 coactus,

625 2032 764 2089 atque
803 2043 888 2089 per
927 2025 1146 2090 Angliam
1181 2026 1230 2073 in
1271 2024 1475 2074 Galliam
1511 2023 1666 2070 denuo
1702 2018 2021 2085 proficiscitur,
2062 2018 2221 2082 ibique
2256 2019 2552 2083 Burdegalae

626 2111 863 2159 biennium
901 2112 1072 2160 docuit.
1144 2111 1340 2175 Saepius
1376 2110 1521 2159 etiam
1560 2107 1729 2156 exinde
1775 2106 1932 2155 sedem
1966 2105 2291 2161 commutavit,
2333 2122 2458 2154 nunc
2501 2106 2552 2155 in

626 2197 842 2253 Scotiam‚
871 2214 993 2246 nunc
1029 2198 1078 2245 in
1114 2198 1346 2262 Angliam,
1378 2196 1595 2251 Galliam,
1627 2201 1676 2242 et
1707 2193 1896 2242 Italiam
1927 2192 1974 2241 se
2008 2192 2250 2255 recipiens.
2321 2192 2551 2256 Denique,

626 2283 724 2346 post
753 2298 896 2330 xxw.
919 2299 1147 2332 annorum
1176 2282 1615 2347 peregrinationem,
1635 2296 1797 2344 regem
1824 2279 2050 2333 nativum,
2073 2279 2307 2326 Jacobum
2337 2278 2549 2333 Sextum,

626 2368 897 2432 discipulum
929 2368 1061 2417 suum
1094 2368 1286 2424 habuit;
1322 2367 1404 2431 qui
1434 2367 1516 2415 ubi
1550 2367 1831 2421 adoleverat,
1866 2382 1974 2413 eum
2007 2382 2038 2413 a
2066 2363 2263 2413 confiliis
2295 2371 2345 2413 et
2378 2365 2550 2428 privati

625 2454 755 2519 sigilli
806 2456 1038 2504 custodem
1083 2455 1205 2504 fecit.
1292 2455 1378 2502 Vir
1431 2460 1535 2502 erat
1592 2452 1780 2517 ingenio
1823 2451 2017 2515 pollens,
2069 2450 2308 2514 animique
2363 2433 2552 2502 dotibus

623 2543 931 2606 pulcherrime
981 2543 1166 2606 ignitus,
1219 2542 1276 2589 de
1336 2541 1485 2588 literis
1545 2539 1722 2603 optime
1766 2538 1975 2593 meritus,
2022 2544 2071 2585 et
2115 2537 2191 2585 cui
2236 2538 2550 2600 comparando

628 2630 688 2676 ob
742 2628 990 2693 singulares
1034 2627 1209 2693 ingenii
1264 2628 1398 2676 dotes
1439 2633 1573 2675 aetas
1614 2624 1769 2674 nostra
1814 2623 1892 2670 vix
1940 2639 2102 2686 parem
2149 2622 2278 2679 vidit,
2325 2639 2421 2671 non
2463 2639 2550 2687 per

625 2715 828 2763 Scotiam
862 2714 1020 2770 solum,
1056 2714 1133 2762 sed
1166 2721 1215 2762 et
1248 2729 1334 2777 per
1368 2711 1601 2777 Angliam,
1631 2710 1847 2765 Galliam,
1885 2709 2203 2766 Germaniam,
2238 2717 2301 2766 et,
2335 2717 2389 2758 ut
2423 2726 2549 2759 com-

622 2802 792 2866 pendio
830 2802 994 2857 dicam,
1034 2817 1119 2865 per
1156 2800 1300 2864 ipsam
1338 2799 1594 2848 studiorum
1631 2803 1833 2845 matrem
1875 2796 2080 2845 Italiam.
2165 2797 2237 2845 De
2281 2797 2414 2860 cujus
2459 2797 2547 2846 viri

623 2889 836 2937 laudibus
869 2904 964 2936 non
1005 2888 1069 2936 est
1104 2903 1189 2935 cur
1222 2886 1384 2935 multis
1422 2886 1500 2934 hic
1538 2900 1689 2948 agam,
1729 2899 1846 2947 quas
1880 2882 1971 2930 scio
2011 2883 2219 2932 notiores
2259 2881 2363 2939 effe,
2404 2900 2548 2947 quam

621 2983 675 3023 ut
722 2975 892 3040 frigida
941 2973 1286 3038 praedicatione
1346 2989 1451 3020 mea
1504 2969 1713 3034 indigere
1765 2968 2024 3017 videantur.
2114 2969 2355 3018 Liberiore
2400 2968 2547 3017 veluti

622 3062 780 3117 studio,
838 3067 892 3109 ut
943 3061 1001 3108 de
1056 3059 1257 3107 Joviano
1312 3058 1527 3107 Pontano
1582 3055 1739 3105 scribit
1786 3056 1962 3104 Paulus
2014 3056 2047 3103 J
2049 3057 2193 3112 ovius,
2250 3056 2407 3105 Musas
2460 3071 2547 3119 per

624 3164 782 3196 omnes
819 3163 1037 3196 numeros
1075 3145 1296 3200 exercuit,
1334 3151 1469 3192 tanta
1502 3143 1671 3192 habilis
1710 3142 1885 3206 ingenii
1923 3143 2254 3199 foecunditate,
2295 3149 2349 3190 ut
2390 3158 2543 3204 neque

622 3234 783 3298 poetis,
815 3249 964 3297 neque
1003 3231 1277 3287 oratoribus,
1312 3230 1393 3294 qui
1426 3237 1530 3279 tum
1567 3229 1771 3278 maxime
1808 3230 2044 3286 florerent,
2084 3230 2278 3293 dignum
2317 3227 2544 3277 secundae
