2938 3900
895 412 980 454 DE
1029 411 1486 455 SCRIPTORIBUS
1536 413 1756 455 SCOTIS.
2224 419 2281 471 37

355 538 618 593 tradiderit,
665 543 713 585 et
759 536 902 584 dubio
956 537 1133 600 procul,
1187 543 1241 584 ut
1295 536 1448 600 inquit
1507 536 1626 584 alius
1682 537 1821 593 testis,
1867 538 2182 602 philosophica
2243 548 2289 587 et

357 625 524 672 ethica.
615 624 729 688 Ejus
782 623 926 672 etiam
975 623 1225 687 praeconia
1275 623 1387 671 olim
1436 624 1737 688 proferebant
1788 625 2015 681 Paterius‚
2077 626 2291 689 Gregorii

357 712 520 776 Magni
560 711 821 775 discipulus,
863 728 917 759 ae
957 711 1201 775 Remigius
1241 710 1608 759 Altifiodorenfis
1662 712 1711 758 in
1763 712 2113 760 Commentario
2157 713 2291 776 super

358 800 560 847 eundem
602 799 857 846 Sedulium.
927 799 1093 846 Clarus
1126 798 1216 846 fuit
1250 798 1299 845 in
1335 798 1474 846 Italia
1506 799 1797 862 temporibus
1832 798 2070 848 Theodofii
2106 800 2292 863 posteri-

348 889 457 946 bus,
499 887 566 935 ait
609 886 841 934 Hem-icus
878 887 936 934 de
973 885 1203 934 Erfordia.
1286 885 1486 934 Sordere
1534 886 1723 934 diritate
1768 887 2100 935 Mahometana
2147 887 2292 934 Grae-

358 975 480 1024 ciam
520 972 781 1038 oppressam
819 990 915 1022 non
957 973 1061 1021 finit
1101 972 1288 1021 Coelius
1327 972 1557 1029 Sedulius,
1598 974 1752 1037 inquit
1792 974 2090 1037 Dempsterus
2126 974 2287 1021 noster.

361 1063 647 1111 Trithemius
687 1079 747 1110 ex
787 1062 1034 1126 Sigeberto
1071 1062 1216 1109 refert
1262 1077 1371 1109 eum
1407 1061 1722 1125 episcopatum
1766 1059 1940 1125 geffiffe
1981 1061 2164 1117 alicubi,
2214 1062 2290 1108 sed

361 1168 534 1199 nomen
574 1150 665 1198 loci
709 1166 805 1198 non
851 1150 915 1198 est
962 1155 1252 1197 annotatum.
1323 1147 1511 1212 Scripsit
1556 1155 1715 1196 autem
1761 1155 1808 1195 et
1853 1154 2005 1195 metro
2051 1155 2098 1195 et
2143 1148 2291 1196 soluta

361 1239 573 1287 oratione
607 1239 746 1302 plura
777 1237 1009 1301 opuscula,
1045 1237 1104 1284 de
1133 1236 1303 1300 quibus
1336 1236 1462 1299 apud
1500 1236 1754 1284 Bostonum
1789 1235 2074 1290 Buriensem,
2110 1243 2158 1283 et
2192 1236 2290 1283 Tri-

361 1327 606 1382 themium,
631 1342 686 1373 ac
712 1326 924 1380 Baleum,
949 1324 1157 1388 subjecta
1177 1329 1366 1371 tantum
1388 1323 1556 1387 reperi.

558 1413 635 1460 Ad
680 1411 1011 1460 Macedonium
1059 1411 1296 1458 Abbatem
1352 1425 1469 1473 opus
1525 1409 1711 1473 insigne,
1753 1409 1894 1472 juxta
1939 1408 2103 1456 seriem
2148 1410 2292 1457 totius

625 1499 883 1563 Evangelii,
953 1498 1079 1562 quod
1145 1497 1442 1561 praenotavit
1509 1498 1710 1545 Carmen
1778 1496 2010 1551 Paschale‚
2074 1496 2151 1544 lib.
2222 1512 2289 1544 1v.

624 1587 836 1635 metrice.

563 1676 635 1723 De
661 1673 817 1738 Signis
839 1680 888 1722 et
911 1673 1192 1728 Virtutibus,
1217 1672 1296 1720 lib.
1322 1686 1353 1718 1.

560 1762 700 1811 Gesta
722 1768 770 1810 et
793 1761 1024 1809 Miraeula
1051 1759 1232 1815 Christi,
1257 1758 1336 1807 lib.
1361 1773 1430 1805 IV.

560 1850 713 1914 Super
735 1855 938 1912 utroque
962 1848 1268 1902 Testamento,
1292 1846 1372 1894 lib.
1397 1860 1449 1894 11.

558 1939 616 1985 In
639 1936 848 1985 Psalmos
871 1935 1135 1990 Davidioos‚
1159 1934 1238 1983 lib.
1264 1948 1296 1981 1.

563 2025 868 2074 Collee'canea
890 2023 940 2071 in
963 2023 1178 2078 Paulum,
1202 2021 1282 2070 lib.
1307 2034 1415 2068 XIV.

565 2115 623 2162 In
646 2112 849 2161 Paulum
871 2112 933 2160 ad
956 2112 1208 2166 Romanos,
1231 2109 1311 2157 lib.
1335 2123 1368 2156 1.

564 2201 641 2249 Ad
663 2199 945 2254 Corinthios,
969 2198 1048 2247 lib.
1073 2212 1126 2245 11.

565 2288 643 2336 Ad
665 2287 872 2342 Galatas,
895 2286 976 2334 lib.
1000 2300 1033 2332 1.

563 2375 641 2423 Ad
664 2372 897 2438 Ephefios,
922 2372 1002 2420 lib.
1027 2386 1060 2419 1.

565 2463 641 2511 Ad
663 2461 997 2526 Philippenses,
1021 2459 1101 2508 lib.
1126 2473 1158 2506 1.

567 2550 644 2598 Ad
666 2547 963 2604 Coloffenses,
987 2548 1067 2596 lib.
1096 2560 1129 2593 1.

564 2638 642 2685 Ad
663 2634 1096 2690 Theffalonieenses,
1120 2633 1201 2682 lib.
1224 2647 1278 2680 11.

567 2723 645 2770 Ad
667 2721 980 2778 Timotheum,
1003 2720 1083 2769 lib.
1107 2734 1160 2768 11.

564 2809 642 2858 Ad
664 2808 824 2856 Titum
846 2806 1135 2871 discipulum,
1159 2806 1239 2855 lib.
1263 2820 1295 2853 1.

565 2897 642 2945 Ad
664 2886 1004 2952 Philemonem,
1028 2895 1109 2943 lib.
1132 2909 1166 2942 1.

567 2983 645 3031 Ad
667 2983 922 3037 HebranS,
945 2981 1026 3030 lib.
1051 2995 1084 3028 1.

567 3071 639 3119 De
662 3070 823 3119 Fastis
845 3068 1027 3124 Christi,
1050 3066 1269 3131 prosaice,
1292 3063 1372 3112 lib.
1401 3078 1454 3110 11.

569 3159 648 3207 Ad
670 3157 915 3208 Caesarem
937 3153 1256 3209 Theodofium,
1279 3151 1358 3200 lib.
1383 3163 1414 3197 1.

567 3245 958 3296 Exhortatorium
980 3243 1041 3292 ad
1062 3241 1260 3297 Fideles,
1282 3239 1362 3288 lib.
1386 3252 1418 3284 1.
