2938 3900
870 438 956 479 DE
1003 438 1459 482 sempromssus
1508 441 1728 485 scoris.
2148 421 2155 426 ’
2205 451 2260 491 35

1044 673 1131 721 DE
1182 674 1239 721 D.
1291 674 1575 722 ΝΙΝΙΑΝΟ.

345 826 402 872 D.
456 825 725 880 NINIANUS,
782 825 973 873 natione
1031 826 1212 883 Scotus,
1269 844 1329 875 ex
1384 828 1514 892 regio
1559 829 1749 892 quidem
1793 829 2014 893 sanguine
2056 847 2270 894 procrea-

342 919 431 961 tus.
513 913 560 960 Is
609 912 690 960 ubi
743 913 896 976 prima
950 913 1196 961 literarum
1252 914 1557 982 fundamenta
1604 914 1785 980 jecifl'et
1841 916 1965 965 inter
2018 919 2270 968 monachos

343 998 567 1055 Huenses,
612 1006 672 1055 et,
710 1001 770 1047 ob
811 999 986 1064 ingenii
1023 999 1414 1064 perspicuitatem,
1451 1002 1740 1066 praeclaram
1778 1020 1968 1067 operam
2006 1005 2186 1055 artibus
2221 1013 2269 1054 et

341 1087 513 1152 linguis
560 1086 779 1143 navaffet,
821 1086 1044 1135 defiderio
1077 1087 1406 1152 peregrinandi
1441 1096 1616 1154 captus,
1652 1090 1724 1138 vir
1762 1092 1970 1141 moribus
2020 1092 2269 1142 honestiffi=

341 1177 430 1223 mis
467 1182 515 1223 et
549 1174 896 1230 modestiffimis,
929 1182 1072 1239 atque
1109 1175 1389 1224 humilitatis
1427 1176 1773 1234 amantiffimus‚
1808 1179 1960 1242 primo
1996 1180 2045 1228 in
2079 1181 2267 1237 Gallias,

341 1263 523 1318 deinde,
586 1261 875 1325 pertranfitis
921 1261 1132 1326 Alpibus,
1187 1279 1348 1310 amore
1402 1262 1646 1310 literarum
1690 1264 1740 1311 in
1784 1265 1970 1313 Italiam
2017 1267 2266 1330 profectus,

341 1352 544 1399 Romam
589 1349 754 1414 petiit;
799 1349 881 1397 ubi
931 1349 1174 1413 postquam
1219 1350 1366 1397 bonas
1411 1349 1571 1397 literas
1611 1357 1659 1397 et
1695 1351 2002 1400 Christianam
2046 1353 2270 1416 pietatem

339 1438 466 1502 apud
496 1437 642 1485 divini
670 1436 802 1484 verbi
831 1436 1064 1484 ministros
1091 1434 1381 1484 finceriffime
1412 1434 1638 1493 haufiffet,
1666 1418 1792 1485 celer
1820 1438 1869 1485 in
1892 1439 2093 1502 patriam
2115 1457 2269 1490 rever-

339 1527 427 1582 sus,
464 1525 616 1573 fidelis
650 1524 741 1572 Dei
777 1524 942 1572 vineae
973 1524 1166 1572 colonus
1189 1525 1305 1572 alios
1338 1523 1533 1588 piiffime
1567 1525 1795 1581 instruxit,
1827 1526 1991 1574 Scotos
2023 1526 2074 1575 in
2103 1527 2270 1576 Christi

339 1614 431 1662 fide
460 1612 720 1660 imbecillos
751 1612 1046 1659 confirmavit
1084 1618 1133 1659 et
1163 1611 1335 1660 docuit.
1403 1613 1519 1660 Erat
1542 1613 1591 1660 in
1618 1613 1922 1662 meditatione
1952 1620 2000 1662 et
2032 1615 2270 1678 praedica-

338 1702 467 1750 tione
502 1700 649 1748 divini
683 1699 816 1747 verbi
855 1698 1068 1754 affiduus‚
1109 1699 1315 1747 liberalis
1349 1699 1398 1747 in
1439 1700 1684 1763 orphanos,
1728 1701 1901 1757 viduas,
1941 1707 1989 1749 et
2026 1717 2266 1766 pauperes,

338 1790 467 1837 mitis
503 1795 551 1836 et
579 1788 810 1851 benignus
846 1786 895 1834 in
933 1803 1095 1834 omnes
1127 1786 1371 1844 homines;
1405 1788 1490 1836 has
1526 1787 1652 1835 enim
1688 1788 1850 1837 laudes
1882 1788 2048 1837 tribuit
2082 1789 2126 1837 ei
2158 1806 2268 1838 ven-

338 1876 526 1926 erabilis
550 1876 693 1931 Beda,
719 1882 767 1923 et
800 1875 881 1923 alii
911 1874 1159 1939 scriptores
1190 1874 1290 1938 post
1320 1874 1466 1923 illum.
1520 1875 1634 1939 Ejus
1659 1875 1738 1939 pia
1766 1875 1988 1924 industria
2018 1876 2143 1924 Piffi
2172 1877 2267 1941 pri-

336 1980 468 2011 mum
496 1969 544 2011 et
579 1961 816 2010 Australes
848 1961 989 2017 Secti,
1025 1961 1193 2010 relicto
1227 1961 1520 2011 idololatriae
1555 1963 1697 2019 cultu,
1726 1979 1885 2011 veram
1921 1962 2088 2011 Christi
2126 1964 2266 2013 fidem

339 2056 686 2115 perceperunt;
735 2049 906 2113 quibus
945 2065 1053 2096 cum
1093 2049 1174 2096 diu
1210 2048 1359 2097 sacras
1398 2049 1558 2097 literas
1598 2048 1886 2113 exposuisset,
1932 2056 1980 2097 et
2019 2050 2267 2113 vigilanter

341 2139 539 2186 verbum
575 2136 666 2184 Dei
698 2133 1015 2199 praedicass'et,
1056 2136 1248 2183 tandem
1288 2152 1452 2184 eorum
1491 2138 1645 2185 factus
1679 2137 1743 2184 est
1777 2136 2016 2200 episcopus
2053 2137 2114 2184 ad
2147 2138 2266 2185 Can-

341 2226 499 2274 didam
522 2223 699 2279 Casam,
724 2223 806 2271 ubi
833 2221 1070 2270 ecclefiam
1098 2223 1147 2269 in
1170 2222 1224 2269 B.
1250 2223 1443 2271 Martini
1473 2222 1691 2271 avunculi
1713 2222 1782 2270 sui
1810 2224 2037 2271 honorem
2060 2223 2266 2271 condidit

341 2320 389 2362 et
420 2311 690 2367 construxit,
727 2318 775 2358 et
808 2310 963 2359 sedem
998 2310 1304 2374 episcopalem
1335 2311 1384 2358 in
1420 2310 1684 2359 Gallovidia
1716 2310 1894 2374 primus
1928 2309 2058 2366 fixit;
2095 2311 2144 2358 in
2174 2327 2267 2374 quo

340 2402 497 2466 postea
530 2401 634 2448 loco
667 2398 898 2463 templum
931 2398 1258 2462 peregregium
1293 2397 1391 2461 ejus
1424 2398 1613 2446 nomine
1644 2397 2011 2453 consecrabatur,
2040 2404 2088 2445 et
2120 2398 2267 2446 maxi-

340 2506 420 2538 ma
462 2487 866 2552 peregrinantium
911 2485 1177 2550 frequentia
1214 2485 1426 2549 religiose
1466 2485 1605 2533 nimis
1636 2486 1893 2549 colebatur.
1982 2484 2084 2532 Hoc
2123 2484 2265 2532 etiam

341 2573 753 2623 luculentiffimum
782 2573 1081 2621 testimonum
1116 2572 1207 2620 erit
1240 2572 1366 2620 illius
1399 2571 1585 2620 sanctae
1609 2579 1657 2619 et
1679 2571 1942 2634 inculpatae
1972 2563 2108 2625 vitae,
2141 2571 2265 2634 quod

341 2679 449 2711 cum
488 2661 614 2709 bella
651 2661 776 2708 inter
817 2660 995 2714 ScotOS,
1030 2659 1204 2713 Pictos,
1245 2675 1300 2706 ac
1335 2657 1588 2706 Britannos
1631 2657 1835 2705 maxime
1874 2656 2159 2712 aestuabant,
2196 2657 2263 2703 illi

339 2758 501 2799 tamen
545 2748 606 2796 ad
656 2746 870 2811 fingulos,
916 2762 1024 2793 cum
1069 2745 1250 2800 liberet,
1296 2743 1546 2793 tutiffimus
1590 2751 1774 2808 pateret
1825 2744 2017 2792 aditus:
2069 2743 2265 2791 arbitra-

339 2840 515 2886 bantur
544 2833 769 2898 fiquidem
794 2833 844 2880 in
874 2831 1142 2887 Ninianum,
1167 2831 1321 2879 virum
1351 2831 1521 2880 solidae
1552 2831 1739 2880 virtutis
1767 2831 1916 2896 gloria
1942 2831 2260 2894 praestantem,

339 2927 513 2979 fucum,
552 2922 725 2976 dolum,
766 2919 996 2967 malitiam
1036 2919 1166 2966 nullo
1206 2918 1346 2965 modo
1385 2919 1552 2966 cadere
1595 2915 1804 2981 potuifl'e.
1884 2916 2109 2979 Denique,
2155 2932 2261 2963 cum

314 3052 317 3054 .
342 3012 468 3078 apud
505 3027 584 3058 eos
614 3025 699 3073 per
729 3007 903 3055 multos
937 3022 1083 3054 annos
1119 3005 1306 3067 eloquia
1339 3003 1429 3050 Dei
1462 3001 1696 3058 docuiffet‚
1725 3002 1954 3065 quaedam
1981 3001 2059 3064 pia
2087 3007 2136 3048 et
2158 3018 2262 3048 eru-

341 3101 441 3149 dita
475 3102 781 3146 monumenta
815 3094 1004 3142 suorum
1048 3092 1262 3139 laborum
1295 3088 1509 3138 ecclesiae
1543 3095 1592 3136 et
1624 3087 1880 3152 posteritati
1912 3087 2114 3151 reliquit,
2149 3105 2262 3151 quo-

342 3205 449 3236 rum
473 3187 556 3234 ista
578 3200 697 3248 quae
721 3182 977 3246 sequuntur
998 3179 1238 3227 testantur.

543 3270 893 3322 Commentaria
915 3268 974 3316 ad
998 3267 1162 3315 Sacras
1185 3265 1376 3320 Literas,
1400 3263 1478 3310 lib.
1504 3277 1535 3310 1.
