2938 3900
592 469 650 513 66
1119 463 1205 506 DE
1254 458 1710 504 SCRIPTORIBUS
1752 457 1977 501 SCOTIS.

600 592 738 642 literis
770 590 1037 655 Scripturis‚
1079 587 1156 636 scd
1190 586 1333 634 etiam
1373 584 1422 632 in
1461 582 1747 632 secularibus
1779 580 1930 630 literis
1963 580 2262 631 omnifariam
2299 584 2533 639 erudivit;

598 697 685 729 nec
723 678 871 728 solum
916 673 1158 726 Fuldenfis
1202 670 1415 721 coenobii
1459 669 1727 725 monachos,
1772 669 1851 718 sed
1895 668 2041 718 etiam
2085 686 2146 719 ex
2190 670 2378 720 diverfis
2423 672 2537 720 locis

598 767 701 816 aliis
743 766 803 815 ad
848 764 894 813 se
938 759 1235 816 transmifl'os,
1277 758 1453 807 multos
1498 757 1548 805 in
1593 756 1723 805 omni
1775 773 1950 823 genere
1995 758 2242 808 doctrinae
2290 759 2538 824 discipulos

602 854 814 903 instituit.
910 851 984 900 Ex
1038 850 1112 898 his
1170 847 1435 912 complures
1490 845 1648 910 postea
1697 843 1902 894 suceefl'u
1950 845 2178 911 temporis
2227 830 2289 895 ad
2343 864 2540 913 magnas

600 941 850 1006 dignitates
888 937 1092 1003 promoti
1130 936 1250 984 sunt.
1335 935 1701 998 Praeceptorem
1740 932 1975 981 habuerat
2008 949 2070 981 ex
2103 932 2339 999 discipulis
2378 935 2539 983 Bedae

599 1024 1025 1076 reverendiffimum
1062 1024 1217 1072 virum
1254 1022 1494 1078 Albinum,
1526 1018 1813 1069 monachum
1844 1025 1894 1067 et
1934 1019 2157 1068 abbatem
2190 1021 2458 1070 monasterii
2492 1022 2538 1070 S.

600 1112 791 1161 Martini
826 1107 1113 1165 Turonenfis,
1154 1107 1317 1172 Magni
1357 1106 1514 1156 Caroli
1550 1106 1850 1171 imperatoris
1889 1106 2130 1170 quondam
2168 1106 2471 1165 didasculum,
2512 1126 2541 1157 a

602 1216 695 1265 quo
746 1198 839 1263 ipse
895 1196 1113 1246 hauserat
1165 1196 1214 1244 in
1272 1194 1440 1250 Gallia,
1496 1194 1623 1258 quod
1669 1194 1787 1242 alios
1836 1194 1886 1242 in
1941 1194 2198 1243 Germania
2246 1195 2540 1259 postmodum

603 1288 813 1342 docebat,
848 1302 957 1334 cum
997 1285 1152 1334 adhuc
1194 1299 1314 1349 puer
1344 1280 1459 1331 effet
1492 1282 1656 1330 decem
1690 1298 1936 1331 annorum.
2011 1282 2164 1331 Omne
2199 1283 2420 1348 deinceps
2453 1284 2543 1333 stu-

605 1375 734 1422 dium
774 1372 1008 1422 convertit
1055 1371 1116 1420 ad
1159 1369 1402 1419 scientiam
1445 1368 1826 1433 Scripturarum:
1873 1369 1923 1417 in
1964 1370 2095 1418 omni
2139 1371 2403 1419 eruditione
2443 1379 2542 1421 tam

605 1463 882 1512 secularium
923 1477 1065 1525 quam
1107 1459 1372 1507 divinarum
1418 1457 1771 1521 Scripturarum
1811 1454 2102 1505 doctiffimus
2141 1456 2310 1514 evafit3
2345 1458 2546 1522 philoso-

609 1551 730 1614 phus
763 1550 930 1604 clarus,
968 1554 1109 1612 poeta
1151 1544 1350 1610 infigniS,
1391 1544 1556 1593 rhetor
1587 1543 1829 1599 facundus
1862 1543 2154 1593 astronomus
2187 1552 2236 1594 et
2270 1546 2546 1610 computista

607 1636 952 1685 celeberrimus.
1025 1635 1082 1682 In
1118 1634 1372 1698 juventute
1408 1632 1466 1680 iis
1505 1630 1725 1680 omnibus
1764 1630 1968 1680 scientiis
2002 1631 2190 1696 publice
2229 1632 2546 1698 privatimque

607 1723 860 1772 imbuenda
891 1721 1122 1770 maximos
1155 1719 1331 1784 ingenii
1361 1718 1431 1768 sui
1467 1734 1638 1767 nervos
1667 1719 1924 1767 contendit.
1990 1719 2202 1769 Primam
2228 1720 2358 1769 suam
2377 1721 2547 1785 juven-

608 1819 760 1860 tutem
803 1809 1053 1859 Benedicti
1091 1807 1315 1857 institutis
1357 1806 1680 1864 consecravit;
1720 1807 1794 1856 vir
1828 1807 1998 1864 factus
2035 1809 2182 1857 abbas
2217 1808 2460 1858 Fuldenfis
2496 1811 2546 1859 in

610 1898 864 1949 Germania
895 1897 1107 1946 omnium
1142 1895 1483 1945 monachorum
1512 1894 1694 1944 summa
1726 1895 1972 1944 voluntate
2003 1902 2190 1946 creatus
2219 1897 2308 1946 est:
2344 1898 2547 1963 denique

610 1988 670 2035 ad
693 1984 1063 2050 Moguntinenfis
1089 1983 1305 2033 eccleliae
1337 1982 1788 2047 archiepiscopatum
1816 1984 2022 2039 evectus,
2047 1983 2216 2048 viginti
2239 1992 2445 2048 quatuor
2466 2002 2550 2034 an-

610 2075 683 2122 nis
712 2074 801 2122 hoc
834 2089 1005 2121 munus
1042 2072 1216 2121 obibat.
1285 2071 1495 2120 Tandem
1525 2069 1824 2120 scandalizati
1851 2070 1901 2118 in
1925 2086 1982 2119 eo
2009 2072 2243 2129 monachi,
2277 2088 2372 2136 quo
2400 2074 2550 2122 maxi-

612 2178 687 2209 me
714 2161 974 2210 debuerant
1005 2159 1254 2217 aedificari,
1284 2159 1365 2224 qui
1395 2176 1505 2207 eum
1534 2159 1754 2206 dicebant
1782 2157 1983 2205 nimium
2019 2158 2277 2223 Scripturis
2310 2159 2548 2210 intentum

617 2247 899 2312 temporalia
937 2247 1189 2312 negligere.
1258 2247 1390 2295 Dans
1425 2246 1573 2310 igitur
1611 2246 1768 2295 locum
1805 2245 1918 2302 irae,
1958 2246 2291 2296 monasterium
2330 2255 2379 2296 et
2417 2249 2551 2298 habi-

615 2344 794 2387 tatores
826 2335 926 2400 ejus
957 2335 1174 2392 deseruit,
1209 2350 1297 2383 nec
1326 2334 1496 2398 postea,
1527 2334 1584 2382 iis
1614 2332 1908 2398 poenitentia
1935 2333 2106 2391 ductiS,
2139 2350 2305 2383 eorum
2330 2337 2550 2400 precibus

616 2422 827 2474 revocari
870 2427 1071 2487 poterat.
1174 2420 1364 2486 Scripfit
1412 2421 1471 2470 de
1528 2438 1585 2470 eo
1639 2420 1907 2477 nonnullus
1963 2438 2051 2470 nec
2099 2422 2295 2472 -Italiam
2351 2423 2551 2473 Rabano

617 2511 823 2567 fimilem,
868 2526 956 2559 nec
999 2508 1303 2559 Germaniam
1357 2508 1604 2573 aequalem
1647 2506 1888 2573 peperifl'e.
1978 2508 2121 2567 Libri,
2169 2528 2288 2575 quos
2332 2512 2550 2577 fingulari

619 2600 821 2664 quadam
860 2597 1123 2647 eruditione
1158 2597 1357 2646 refertos
1392 2597 1553 2654 edidit,
1592 2596 1765 2646 infiniti
1799 2612 1920 2661 pene
1963 2596 2084 2646 sunt.
2171 2599 2361 2664 Scripfit
2399 2601 2552 2650 multa

621 2694 671 2736 et
691 2686 826 2735 versu
849 2692 898 2734 et
920 2684 1068 2750 prosa.

815 2771 1167 2822 Commentaria
1187 2772 1238 2820 in
1259 2772 1523 2821 universam
1547 2771 1593 2821 S.
1618 2771 1912 2837 Scripturam
1935 2774 2179 2840 utriusque
2203 2776 2497 2826 Testamenti.

815 2860 981 2909 Libros
1001 2867 1101 2910 tres
1122 2860 1181 2908 de
1203 2860 1499 2909 Institutione
1521 2860 1826 2909 Clericorum.

819 2949 892 2997 De
914 2948 1074 2997 Laude
1098 2948 1276 3006 Crucis,
1298 2948 1379 2997 lib.
1403 2963 1457 2996 11.

821 3035 897 3083 Ad
920 3034 1215 3100 Haymonem
1238 3035 1298 3084 de
1321 3034 1561 3092 Universo,
1586 3035 1665 3085 lib.
1689 3050 1819 3084 xxn.

820 3122 893 3170 De
915 3123 1213 3187 Proprietate
1235 3123 1502 3171 Verborum
1525 3129 1574 3172 et
1597 3124 1791 3182 Rerum,
1815 3125 1895 3174 lib.
1921 3140 2051 3174 xxn.

824 3208 897 3257 De
919 3209 1099 3258 Rerum
1121 3209 1326 3266 Netinis,
1349 3210 1429 3259 lib.
1453 3225 1553 3258 xv.-

825 3293 898 3343 De
918 3297 1136 3346 omnibus
1157 3296 1347 3347 Sanctis
1370 3297 1615 3354 Homifias,
1638 3298 1719 3348 lib.
1743 3313 1776 3347 1.
