2938 3900
988 466 1074 507 DE
1107 465 1563 508 SCRIPTORIBUS
1611 465 1833 508 SCOTIS.
2284 471 2367 511 115

447 593 599 640 famae
642 590 798 638 locum
843 588 1144 653 relinqueret.
1234 590 1351 638 Erat
1395 589 1577 638 austero
1620 589 1878 654 supercilio,
1925 596 1973 638 et
2023 596 2125 638 toto
2170 593 2375 654 corporis

449 678 628 733 habitu,
665 676 762 724 imo
792 677 1003 726 moribus
1036 677 1114 726 hic
1150 677 1314 734 noster,
1349 677 1650 741 subagrestis3
1682 677 1762 726 sed
1797 678 1912 742 stylo
1947 684 1996 726 et
2029 677 2239 726 sermone
2274 695 2377 741 per-

449 767 669 821 urbanus,
719 781 865 827 quum
914 764 1181 829 saepiffime‚
1229 766 1304 813 vel
1356 765 1406 812 in
1456 763 1598 820 seriiS,
1644 765 1796 813 multo
1840 780 1948 813 cum
1992 763 2084 814 sale
2123 765 2376 828 jocaretur.

450 852 667 916 Denique
729 851 802 900 vir
857 868 999 915 quem
1053 851 1216 900 mirari
1270 850 1453 899 facilius
1514 867 1655 914 quam
1708 852 1848 916 digne
1903 851 2173 916 praedicare
2229 850 2376 915 pofliS.

449 940 583 998 Quae
622 946 782 989 autem
817 940 1058 1003 praeclara
1100 939 1277 1004 ingenii
1325 945 1643 994 monumenta,
1684 939 1854 1002 quibus
1892 939 1983 988 toti
2022 939 2125 987 orbi
2158 939 2376 994 innotuit,

450 1027 577 1092 apud
616 1043 804 1076 omnem
842 1027 1161 1090 posteritatem
1199 1027 1361 1074 laudes
1398 1025 1688 1074 immortales
1725 1042 1990 1091 nomenque
2030 1043 2271 1090 nunquam
2310 1027 2380 1074 in-

450 1115 706 1163 teriturum
767 1113 1040 1163 consecutus
1098 1114 1173 1170 est,
1235 1112 1418 1177 scriptis
1470 1111 1710 1169 commisit,
1771 1113 1848 1162 hic
1912 1113 2073 1177 paucis
2135 1113 2377 1176 attingam,

449 1202 667 1252 fufiorem
687 1218 853 1251 eorum
874 1202 1222 1251 enarrationem
1243 1202 1294 1250 in
1315 1201 1462 1250 alium
1482 1200 1639 1248 locum
1659 1199 1885 1264 rejiciens.
1969 1199 2130 1248 Edidit
2152 1199 2297 1263 igitur

647 1289 829 1339 Rerum
853 1288 1144 1337 Scoticarum
1168 1288 1432 1343 Historiam,
1455 1287 1535 1336 lib.
1559 1301 1705 1336 xxw.

649 1376 723 1425 De
743 1375 864 1424 Jure
887 1376 1042 1438 Regni
1063 1376 1191 1438 apud
1214 1375 1390 1431 Scotos,
1415 1374 1679 1438 Dialogum.

650 1461 944 1511 Psalmorum
967 1461 1161 1509 Davidis
1183 1459 1492 1525 Paraphrafin
1513 1461 1768 1511 Poeticam.

654 1547 728 1597 De
751 1546 963 1612 Sphaera
984 1547 1163 1603 Mundi,
1187 1547 1266 1595 lib.
1290 1561 1340 1595 v.

654 1633 904 1689 Silvarum,
926 1632 1212 1696 Elegiamm,
1235 1634 1448 1691 lambam,
1470 1634 1904 1700 Hendecasyllabwn
1926 1635 2005 1684 lib.

652 1717 1013 1767 Franciscanum
1035 1724 1084 1765 et
1106 1717 1310 1767 Fratres.
1358 1728 1360 1731 ’

655 1805 911 1867 Jephthen‚
935 1804 1255 1869 Tragoediam.

658 1891 912 1957 Baptisten,
936 1892 1258 1956 Tragoediam.

459 1981 523 2028 Et
567 1979 660 2029 alia
697 1979 913 2044 plurima.
998 1979 1129 2028 Obiit
1172 1979 1436 2046 Edinburgi
1480 1996 1604 2029 anno
1647 1981 1808 2030 salutis
1852 1982 2084 2030 humanae
2130 1983 2268 2037 1582,
2322 1984 2384 2029 28

454 2067 537 2114 die
578 2066 881 2131 Septembris.
951 2066 1053 2114 Viri
1099 2066 1261 2130 itaque
1299 2067 1440 2132 hujus
1476 2067 1917 2118 benemerentiffimi
1965 2068 2178 2118 manibus
2223 2085 2387 2133 paren-

461 2161 590 2204 tatus
611 2153 843 2218 Josephus
867 2153 1078 2219 Scaliger
1098 2155 1188 2203 hoc
1211 2154 1281 2203 illi
1301 2155 1413 2204 fecit
1435 2155 1696 2220 elegidion:

931 2307 1142 2359 Postquam
1158 2307 1271 2345 laude
1288 2312 1357 2347 tua
1371 2308 1546 2359 patriam,
1564 2308 1785 2360 meritisque
1801 2307 1934 2353 beasti,

985 2380 1233 2426 Buchanane,
1251 2381 1328 2418 tuis
1345 2381 1434 2419 solis
1450 2386 1655 2432 utrumque
1670 2382 1782 2426 latus,

930 2453 1169 2505 Contemptis
1187 2454 1333 2505 opibus,
1353 2455 1486 2506 spretis
1502 2454 1747 2506 popularibus
1763 2453 1876 2498 auris,

902 2538 905 2541 ·
987 2528 1257 2579 Ventosaeque
1274 2528 1394 2580 fugax
1411 2528 1640 2573 ambitionis,
1659 2528 1740 2567 obis
1751 2541 1764 2572 3

936 2601 1113 2640 Praemia
1129 2602 1247 2652 quina
1261 2600 1394 2652 quater
1411 2602 1568 2640 Pisaeae
1584 2601 1739 2640 functus
1759 2601 1893 2646 olivae,

985 2674 1039 2713 Et
1054 2675 1231 2724 linquens
1247 2675 1367 2712 animi
1383 2675 1542 2726 pignora
1558 2688 1642 2713 rara
1657 2674 1716 2712 tui
1731 2689 1739 2711 :

932 2748 982 2785 In
998 2748 1136 2798 quibus
1153 2748 1258 2786 haud
1275 2748 1346 2786 tibi
1363 2761 1403 2786 se
1419 2746 1631 2786 anteferent
1648 2760 1743 2797 quos
1758 2747 1858 2786 Itala
1875 2753 1979 2786 vates

985 2819 1102 2858 Terra
1118 2819 1247 2865 dedit3
1266 2833 1337 2858 nec
1355 2833 1449 2870 quos
1467 2819 1595 2858 Gallia
1611 2826 1731 2858 mater
1747 2820 1826 2864 alit,

933 2892 1168 2943 Aequabunt
1183 2893 1339 2943 genium
1355 2892 1476 2931 felicis
1492 2893 1680 2938 carminis,
1700 2898 1738 2930 et
1755 2906 1853 2943 quae

990 2965 1103 3003 Orbis
1119 2965 1235 3003 habet
1250 2966 1374 3004 famae
1393 2966 1543 3004 conscia
1559 2966 1666 3018 signa
1683 2971 1784 3004 mae.

934 3039 1113 3091 Namque
1130 3039 1180 3077 ad
1197 3052 1416 3090 supremum
1432 3039 1614 3089 perducta
1629 3040 1777 3090 poetica
1792 3039 1955 3084 culmen,

993 3113 1043 3151 In
1059 3118 1099 3150 te
1121 3117 1206 3158 stat,
1225 3126 1296 3151 nec
1315 3126 1390 3163 quo
1406 3111 1667 3163 progrediatur
1682 3112 1808 3150 habet.

940 3185 1098 3237 Imperii
1113 3185 1238 3224 fuerat
1256 3186 1419 3224 Romani
1439 3185 1564 3224 Scotia
1580 3185 1710 3223 limes:

992 3258 1157 3299 Romani
1174 3259 1315 3310 eloquii
1334 3258 1460 3296 Scotia
1476 3257 1564 3297 finis
1581 3258 1663 3296 erit.
