2938 3900
600 434 686 474 118
1148 426 1234 469 DE
1266 423 1718 468 SCRIPTORIBUS
1749 423 1970 466 SCOTIS.

601 568 736 603 arum
775 550 998 606 le&ioni;
1040 548 1164 597 unde
1204 545 1404 596 succeffu
1441 546 1666 610 temporis
1704 546 1920 611 egregius
1954 553 2004 594 et
2042 546 2193 595 fidelis
2231 546 2321 595 Dei
2362 547 2524 596 vineae

604 639 797 689 colonus
838 636 1025 703 prodiit,
1072 634 1259 698 ejusque
1299 632 1426 697 piam
1470 632 1782 682 intentionem
1826 634 1952 681 bono
1995 639 2044 681 et
2088 632 2309 697 prospero
2354 643 2526 682 eventu

602 725 871 778 secundavit
915 723 1055 772 Deus.
1138 720 1346 769 Tandem
1384 726 1576 767 vocatus
1619 720 1684 768 est
1727 720 1788 768 ad
1832 718 2076 767 doEcrinae
2121 719 2328 768 caelestis
2371 721 2527 784 capita

601 814 649 861 in
688 807 1046 874 Edinburgenfis
1078 806 1209 856 urbis
1241 806 1419 871 templo
1452 806 1740 870 explicanda,
1769 806 1850 854 ubi
1885 805 1946 854 ad
1984 804 2166 869 aliquot
2199 821 2362 862 annoe,
2392 809 2527 856 recta

604 898 811 948 docendo
843 895 1048 960 falsaque
1082 894 1350 950 refellendo,
1379 909 1573 941 munere
1607 892 1689 941 suo
1721 893 1868 957 probe
1900 892 2190 956 perfunEtus,
2219 908 2412 956 gregem
2445 892 2527 942 fibi

606 982 893 1034 commissum
937 982 1188 1036 nutriebat,
1239 980 1505 1035 instruebat,
1548 987 1598 1028 et
1641 979 1938 1029 custodiebat.
2041 978 2127 1026 Vir
2172 978 2362 1042 pietate,
2418 996 2529 1043 pru-

603 1070 773 1126 dentia,
812 1068 1041 1124 doctrina,
1083 1074 1132 1116 et
1166 1066 1216 1115 in
1254 1067 1396 1115 rebus
1429 1066 1622 1130 agendis
1660 1066 1944 1115 dexteritate
1984 1064 2184 1130 infignis
2216 1065 2268 1113 in
2299 1065 2529 1115 librorum

605 1157 806 1207 lthione
845 1153 1058 1210 affiduus
1105 1153 1375 1202 inexhausto
1414 1153 1588 1209 labore,
1633 1152 1855 1202 indefeffa
1893 1152 2148 1217 diligentia,
2186 1152 2236 1200 in
2274 1152 2531 1216 Scripturis

601 1243 773 1292 sanctis
816 1258 846 1291 a
888 1241 1090 1305 pueritia
1127 1238 1465 1289 studiofiffimus
1508 1247 1558 1288 et
1594 1241 1798 1290 multum
1837 1240 2062 1296 eruditus,
2108 1246 2252 1303 atque
2290 1239 2341 1287 in
2379 1239 2530 1303 philo-

605 1329 764 1394 sophia
807 1328 1228 1393 Peripateticorum
1272 1327 1353 1375 yix
1396 1327 1535 1375 alicui
1578 1326 1662 1377 suo
1703 1335 1916 1392 tempore
1966 1328 2091 1390 apud
2143 1326 2268 1375 Edin
2276 1326 2530 1390 burgenses

605 1416 841 1466 secundus.
930 1415 1125 1479 Ingenio
1164 1414 1305 1470 mitis,
1349 1413 1559 1462 sermone
1609 1413 1757 1462 dulcis
1800 1420 1850 1462 et
1897 1411 2188 1477 compositus,
2234 1428 2330 1460 non
2375 1412 2530 1460 minus

606 1505 704 1552 vita
744 1519 885 1567 quam
929 1502 1121 1551 scientia
1161 1502 1480 1550 reverendus:
1522 1501 1572 1549 in
1616 1500 1872 1549 enodandis
1917 1499 2261 1564 quaestionibus
2298 1499 2532 1562 Scriptur-

607 1606 741 1638 arum
786 1588 1043 1652 disputator
1095 1587 1362 1642 acerrimus,
1407 1603 1566 1635 rerum
1610 1586 1877 1634 sublimium
1921 1593 1970 1634 et
2014 1586 2280 1634 caelestium
2324 1591 2532 1633 contem-

608 1674 801 1738 plationi
837 1673 1031 1721 mirifice
1072 1673 1269 1721 deditus.
1337 1670 1527 1736 Scripsit
1565 1677 1810 1736 praeterea
1849 1671 2080 1735 quaedam
2119 1670 2360 1734 praeclara
2399 1670 2533 1734 opus-

609 1761 714 1810 cula
747 1761 805 1807 de
841 1759 1009 1807 divinis
1047 1760 1296 1824 praecipue
1326 1759 1591 1822 Scripturis,
1623 1757 1793 1821 quibus
1833 1773 2005 1805 nomen
2044 1756 2178 1806 suum
2213 1757 2274 1805 ad
2314 1756 2532 1806 notitiam

612 1846 891 1917 posteritatis
911 1845 1157 1894 transmisit
1180 1862 1192 1901 ;
1226 1845 1350 1894 inter
1371 1852 1569 1901 caetera,

804 1932 1061 1982 Conciones
1083 1932 1290 1980 eruditas
1310 1931 1360 1979 in
1381 1938 1533 1980 totam
1555 1916 1652 1979 fere
1676 1929 1995 1995 Apocalypsin.

807 2020 951 2068 Sacra
973 2019 1201 2066 Poemata
1222 2018 1282 2066 de
1304 2018 1444 2067 variis
1466 2018 1581 2067 locis
1602 2017 1886 2082 Scripturae.

806 2103 966 2152 Vitam
988 2102 1188 2152 Joannis
1208 2102 1398 2152 Knoxii.

614 2190 678 2238 Et
731 2189 823 2237 alia
876 2190 1079 2254 plurima
1131 2190 1306 2239 chartis
1360 2188 1597 2239 commifit.
1686 2190 1871 2239 Floruit
1919 2207 2044 2239 anno
2087 2191 2321 2241 humanae
2376 2191 2537 2241 salutis

615 2283 857 2340 reparatae
881 2278 1022 2332 1588,
1046 2276 1158 2325 dum
1178 2277 1304 2340 apud
1327 2276 1493 2325 Scotos
1512 2276 1563 2325 in
1583 2275 1717 2340 regni
1739 2275 1853 2325 solio
1875 2275 2056 2326 sederet
2076 2277 2284 2327 Jacobus
2307 2278 2492 2327 Sextus

1220 2471 1308 2521 DE
1338 2471 1372 2520 J
1373 2470 1591 2521 OANNE
1624 2470 1920 2521 LESLAEO.

616 2622 846 2670 JOANNES
882 2622 1150 2679 LESLAEUS,
1186 2622 1440 2687 Episcopus
1478 2622 1717 2679 Rofl'enfis
1757 2623 1948 2673 natione
1985 2623 2167 2682 ScotuS,
2209 2643 2270 2675 ex
2309 2627 2456 2676 nobili
2489 2635 2538 2676 et

619 2709 881 2772 pervetusta
915 2709 1207 2758 Lessaeorum
1244 2710 1422 2759 familia
1455 2710 1693 2767 oriundus),
1729 2710 1779 2759 in
1808 2711 2059 2775 juventute
2099 2713 2234 2762 bonis
2274 2714 2424 2763 literis
2469 2715 2538 2763 in—

621 2795 833 2850 strufitus,
888 2795 1206 2860 philosophica
1259 2796 1494 2845 inchoavit
1545 2796 1694 2848 studia
1737 2796 1787 2845 in
1832 2797 1989 2847 schola
2036 2800 2202 2864 patria,
2250 2802 2311 2850 ad
2356 2803 2539 2851 Fanum

621 2880 792 2929 scilicet
830 2881 877 2929 S.
913 2882 1142 2931 Andreae.
1215 2882 1380 2931 Postea
1406 2882 1456 2931 in
1489 2883 1693 2932 Galliam
1720 2884 2055 2942 transfretavit,
2092 2887 2185 2936 ubi·
2207 2887 2257 2936 in
2290 2888 2541 2938 academiis

622 2967 945 3024 celeberrimis,
985 2967 1262 3033 [Parifienfi,
1295 2968 1585 3026 Pffiavienfi,
1620 2976 1669 3018 et
1697 2970 1959 3033 Tolosana,]
1988 2972 2137 3022 studia
2169 2974 2436 3039 interrupta
2468 2991 2541 3023 re·

623 3052 791 3115 petiit:
838 3053 947 3102 inde
992 3054 1192 3103 Romam
1231 3055 1292 3103 ad
1329 3055 1615 3120 theologiam
1653 3059 1936 3108 audiendam
1979 3059 2139 3110 mifl'us
2173 3062 2251 3110 est.
2331 3062 2539 3111 Tandem

626 3138 685 3185 ad
717 3138 921 3188 Scotiam
955 3140 1083 3189 suam
1116 3141 1337 3197 reversus,
1372 3142 1503 3191 varia
1536 3142 1728 3193 subinde
1762 3145 1812 3194 in
1847 3146 2035 3196 ecclefia
2069 3148 2231 3197 obibat
2271 3148 2446 3204 munia,
2486 3156 2539 3196 ut

625 3222 719 3286 ipse
754 3225 811 3272 de
851 3225 896 3275 se
934 3227 1128 3275 testatur
1177 3227 1227 3275 in
1265 3228 1506 3277 Paraenefi
1550 3230 1612 3278 ad
1656 3231 1882 3281 Proceres
1916 3233 2243 3298 Populumque
2289 3234 2539 3290 Sooticum‚
