2938 3900
624 410 708 452 122
1159 406 1246 450 DE
1291 404 1748 451 SCRIPTORIBUS
1792 404 2016 449 SCOTIS.

629 533 740 582 dino
776 530 1063 596 Andreapoli
1100 526 1416 594 acquifiviffet,
1454 527 1516 576 ad
1550 527 1722 592 praxin
1755 527 1913 592 postea
1950 528 1997 577 se
2030 527 2245 584 contulit,
2286 544 2439 593 neque
2478 529 2559 579 diu

630 617 868 684 ingenium
901 619 1001 683 ejus
1039 614 1212 681 infigne
1250 615 1399 664 latere
1430 614 1600 679 potuit.
1667 614 1746 663 Ad
1773 614 1969 679 pastoris
2000 614 2148 680 igitur
2179 632 2353 666 munus
2385 618 2561 667 obeun-

630 705 742 756 dum
780 707 830 755 in
871 703 1058 754 ecclefia
1096 702 1432 767 Edinburgena
1476 701 1541 751 est
1584 707 1790 757 vocatus
1837 700 2136 766 ejusdemque
2182 702 2314 752 urbis
2357 703 2558 769 collegii,

630 808 779 858 nuper
820 790 1072 841 admodum
1116 789 1278 846 erecti,
1325 789 1463 855 quod,
1496 806 1622 837 nunc
1666 787 1930 853 Collegium
1975 788 2123 854 Regis
2159 788 2330 839 Jacobi
2375 791 2561 847 dicitur,

630 880 786 929 rector
823 877 1109 933 constitutus,
1149 883 1199 926 et
1240 875 1506 941 theologiae
1540 874 1767 941 profeffor
1806 875 1996 924 ibidem.
2073 875 2386 940 Evangelium
2426 878 2562 943 regni

630 965 718 1014 Dei
758 964 939 1013 fervore
984 979 1078 1012 non
1115 963 1299 1012 modico
1343 962 1658 1027 praedicabat,
1701 963 1750 1011 in
1792 962 2143 1027 pontificiorum
2184 963 2438 1020 erroribuS,
2481 966 2562 1014 ad-

630 1052 721 1101 huc
770 1067 864 1100 non
908 1050 1119 1100 funditus
1162 1067 1189 1099 e
1234 1067 1381 1115 regno
1426 1050 1606 1107 deletis,
1651 1049 1924 1106 refutandiS,
1971 1056 2019 1098 et
2063 1043 2262 1099 audacia
2317 1051 2563 1116 praecipiti

627 1139 986 1204 comprimenda,
1022 1138 1227 1187 multum
1259 1137 1475 1187 adhibuit
1509 1137 1771 1194 industriae,
1809 1153 2006 1203 magnos
2041 1137 2240 1202 pertulit
2276 1138 2474 1195 labores,
2514 1146 2562 1188 et

630 1226 946 1276 incredibilem
982 1225 1181 1275 ostendit
1220 1226 1385 1275 zehun.
1478 1225 1579 1274 Hos
1617 1224 2010 1290 disputationibus
2046 1226 2248 1290 publicis
2291 1226 2566 1291 frequenter

630 1314 927 1379 oppugnavit,
965 1314 1060 1362 imo
1095 1314 1296 1362 viriliter
1334 1314 1633 1378 expugnavit,
1679 1312 1729 1361 in
1767 1312 2070 1363 concionibus
2118 1314 2424 1363 vehementer
2468 1315 2567 1380 agi-

631 1402 761 1457 tavit,
814 1402 1014 1466 denique
1069 1401 1202 1450 libris
1256 1400 1437 1465 scriptis
1491 1401 1734 1450 evidenter
1778 1400 2052 1450 confutavit.
2144 1402 2201 1450 In
2257 1401 2397 1451 sacris
2456 1419 2566 1451 con-

631 1488 841 1536 cionibus
883 1494 1070 1536 tantum
1115 1486 1380 1536 admirabili
1423 1486 1643 1536 facundia
1686 1487 1846 1544 valuit,
1887 1494 1943 1536 ut
1986 1488 2217 1552 populum
2256 1488 2566 1539 instaurandis

632 1574 934 1638 religionibus
975 1574 1199 1631 deditum,
1236 1581 1285 1622 et
1323 1581 1426 1622 tum
1464 1589 1587 1623 novo
1626 1582 1844 1638 receptae
1882 1574 2117 1624 libertatis
2152 1575 2327 1639 gaudio
2370 1576 2566 1640 gestien-

632 1669 741 1716 tem,
765 1677 859 1724 quo
887 1660 1028 1708 vellet
1061 1660 1196 1708 facile
1231 1660 1507 1725 impelleret.
1565 1660 1652 1709 Vir
1681 1661 1800 1725 pius,
1830 1661 2058 1718 literatus,
2090 1669 2139 1711 et
2167 1662 2352 1712 divinae
2386 1664 2565 1728 gloriae

634 1747 731 1796 zelo
763 1747 881 1795 mire
918 1748 1115 1804 fervens,
1157 1748 1388 1795 bonarum
1426 1747 1672 1796 literarum
1707 1747 2058 1806 amantiflimuS,
2101 1750 2255 1799 omnis
2293 1750 2483 1799 virtutis
2517 1759 2565 1800 et

632 1834 818 1906 pietath
872 1834 1083 1883 strenuus
1141 1834 1306 1891 cultor,
1358 1835 1406 1883 in
1457 1834 1626 1883 divinis
1676 1834 2019 1894 eruditiffimus,
2075 1845 2125 1887 et
2177 1838 2228 1887 in
2280 1837 2569 1887 secularibus

634 1921 779 1969 literis
834 1921 1019 1986 egregie
1075 1922 1255 1977 doctus,
1312 1923 1560 1987 theologus
1618 1923 1963 1982 celeberrimus,
2017 1924 2333 1990 philosophus,
2390 1934 2564 1982 orator,

633 2015 682 2056 et
716 2015 857 2072 poeta
891 2008 1100 2057 omnium
1142 2007 1585 2072 praestantissimus;
1630 2010 1714 2067 vir,
1761 2011 1968 2076 inquam,
2010 2013 2323 2079 undecunque
2363 2011 2566 2064 doctiffi-

634 2110 749 2149 muS‚
796 2095 982 2159 ingenio
1027 2094 1220 2151 subdus,
1269 2096 1456 2161 eloquio
1501 2097 1710 2154 disertus
1758 2097 1969 2148 sermone
2016 2099 2322 2158 scholasticuS,
2372 2101 2471 2150 vita
2514 2108 2562 2150 et

635 2181 979 2230 conversatione
1041 2182 1248 2230 devotus.
1351 2182 1540 2247 Scripfit
1600 2186 1730 2234 varia
1790 2187 2032 2251 praeclara
2098 2187 2330 2253 opuscula,
2393 2189 2564 2254 quibus

636 2269 805 2316 nomen
829 2268 961 2316 suum
983 2269 1120 2332 longe
1142 2269 1330 2332 lateque
1352 2270 1611 2335 divulgavit
1629 2289 1642 2329 ;
1664 2288 1691 2320 e
1714 2273 1896 2336 quibus,

831 2356 902 2403 De
926 2354 1182 2404 Vocatione
1205 2355 1407 2413 Efficaci,
1431 2357 1509 2406 lib.

832 2442 886 2489 In
909 2441 1136 2506 Epistolas
1157 2442 1218 2491 ad
1241 2443 1491 2499 Romanos

832 2529 908 2577 Ad
930 2528 1169 2592 Ephesios.

832 2616 888 2663 In
910 2616 1166 2665 Danielem.

832 2703 887 2750 In
908 2703 941 2751 J
943 2719 1154 2751 oannem.

639 2790 700 2838 Et
732 2798 929 2846 caetera,
964 2807 1083 2854 quae
1117 2790 1233 2839 alias
1265 2808 1293 2839 a
1326 2791 1461 2841 nobis
1494 2801 1769 2843 enumerata
1801 2794 1920 2844 sunt.
1993 2797 2176 2846 Claruit
2209 2814 2335 2848 anno
2365 2799 2564 2865 virginei

636 2884 797 2940 partus
819 2879 961 2933 1590,
985 2877 1097 2926 dum
1121 2877 1292 2927 Scotici
1315 2879 1447 2943 regni
1471 2879 1655 2929 clavum
1678 2881 1902 2947 dirigeret
1923 2883 2132 2934 Jacobus
2154 2885 2341 2936 Sextus.
