2938 3900
556 459 612 499 54
1090 452 1177 495 DE
1222 450 1679 496 SCRIPTORIBUS
1725 450 1947 493 SCO'rls.

556 578 780 644 siquidem
811 578 935 627 inter
968 577 1189 632 Saxones,
1223 583 1274 624 et
1301 574 1374 624 sui
1400 573 1628 639 temporis
1657 574 1822 630 cleros,
1858 573 2050 638 pietatis
2078 573 2219 623 laude
2249 573 2484 622 excelluit.

560 667 661 716 Hos
702 673 862 716 autem
905 664 1096 714 honoris
1137 663 1312 728 gradus
1355 677 1452 710 non
1494 667 1596 710 tam
1639 676 1702 710 ex
1743 659 1992 710 ambitioso
2030 660 2185 710 cordis
2223 661 2336 711 elati
2375 660 2487 709 defi-

559 754 692 803 derio
720 750 989 819 appetivifl'e
1019 750 1203 806 dicitur,
1235 764 1390 813 quam,
1423 755 1478 796 ut
1508 747 1697 796 virtutis
1732 753 1782 796 et
1812 744 2092 796 eruditionis
2124 748 2234 798 suae
2264 748 2485 813 praemia,

560 840 730 889 merito
773 839 818 889 ei
861 838 1042 888 oblatos
1085 833 1358 901 suscepifl'e:
1403 850 1557 899 neque
1601 851 1715 883 vero
1758 834 1912 883 multo
1956 833 2216 884 intermisso
2257 843 2486 900 tempore,

560 926 934 976 anachoreticam
990 925 1136 974 vitam
1179 939 1320 989 agere
1366 921 1548 971 summo
1591 920 1806 970 difiderio
1850 921 2069 986 expetit;
2124 921 2322 971 insulam
2375 939 2489 987 ergo

562 1012 803 1070 desertam,
842 1013 918 1062 cui
963 1027 1135 1061 nomen
1173 1011 1430 1066 Farnenfis,
1475 1008 1663 1059 circiter
1705 1025 1876 1058 novem
1919 1009 2129 1058 millibus
2172 1007 2386 1074 paffuum
2430 1012 2491 1058 ab

561 1099 807 1165 episcopali
853 1100 934 1150 sua
972 1100 1078 1149 sede
1118 1105 1363 1154 remotam,
1404 1105 1453 1147 et
1492 1098 1542 1146 in
1589 1097 1872 1146 Germanico
1915 1097 2105 1145 Oceano
2149 1095 2295 1154 fitam,
2339 1097 2491 1162 petiit,

562 1187 643 1236 ubi
676 1204 903 1237 manuum
936 1186 1123 1237 suarum
1155 1186 1316 1235 labore
1351 1185 1533 1234 victum
1572 1192 1622 1234 et
1656 1185 1885 1234 amifflmm
1917 1184 2151 1234 toleravit.
2220 1186 2298 1233 Ab
2333 1200 2494 1233 eremo

561 1282 721 1324 autem
758 1276 900 1324 nullis
937 1274 1154 1340 precibus
1196 1273 1336 1323 avelli
1379 1279 1581 1338 poterat,
1631 1273 1781 1323 donec
1823 1274 2018 1322 tandem
2057 1290 2143 1322 rex
2188 1272 2284 1337 ipse
2329 1274 2379 1322 in
2424 1274 2494 1321 in-

562 1361 710 1412 sulam
752 1363 1001 1427 trajiciena
1038 1362 1166 1411 haud
1204 1377 1351 1426 parvo
1389 1360 1580 1426 negotio
1614 1361 1706 1410 hoc
1743 1362 1805 1410 ab
1849 1377 1907 1410 eo
1951 1361 2234 1425 impetravit.
2325 1361 2496 1410 Conse-

563 1456 722 1499 cratus
762 1450 827 1499 est
873 1449 1020 1515 igitur
1063 1448 1267 1498 Eboraci
1305 1449 1367 1497 ab
1408 1447 1755 1513 archiepiscopo
1799 1447 2120 1497 Cantuarienfi
2163 1448 2342 1497 solenni
2386 1464 2497 1496 con-

563 1535 696 1584 cione
735 1543 785 1585 et
821 1536 1070 1602 magnifico
1103 1550 1158 1584 ac
1194 1534 1371 1583 solenni
1406 1550 1593 1583 corona.
1678 1535 1800 1583 Cum
1839 1542 2000 1584 autem
2038 1535 2234 1583 vixdum
2268 1535 2497 1584 secundus

566 1621 856 1687 episcopatus
899 1622 967 1671 sui
1012 1621 1192 1686 elapsus
1235 1618 1349 1670 efl'et
1393 1637 1558 1678 annua,
1603 1622 1703 1686 ejus
1737 1621 1977 1686 pertaesus
2011 1622 2303 1672 eremiticam
2349 1623 2496 1672 vitam

566 1709 734 1774 cupide
765 1709 969 1774 repetiit,
1001 1708 1278 1773 pontificatu
1310 1707 1393 1756 suo
1422 1707 1586 1772 sponte
1621 1710 1851 1766 abdicat0,
1892 1709 1974 1758 ubi
2008 1710 2153 1758 etiam
2189 1710 2314 1759 vitae
2350 1711 2494 1759 finem

566 1797 690 1846 fecit.
757 1798 813 1846 In
849 1796 1075 1846 coenobia
1106 1796 1188 1845 sua
1223 1796 1444 1845 mulieres
1474 1795 1658 1860 ingredi
1696 1813 1793 1845 non
1826 1797 1899 1846 sas
1931 1804 2048 1853 erat,
2083 1814 2143 1846 ex
2172 1798 2363 1846 decreto
2399 1797 2493 1854 suo,

567 1885 698 1949 cujus
735 1884 806 1933 rei
842 1884 1074 1933 rationem
1118 1883 1274 1932 reddit
1318 1882 1598 1932 venerabilis
1642 1885 1786 1934 Beda.
1876 1884 2088 1934 Plurima
2131 1883 2349 1949 scripfiffe
2392 1901 2498 1949 per-

568 1972 769 2029 hibetur,
793 1972 918 2020 inter
939 1987 1061 2036 quae

764 2059 1095 2108 Ordinationes
1115 2057 1224 2107 suae
1247 2057 1490 2114 Ecclesiae,
1514 2059 1594 2107 lib.
1618 2071 1651 2105 1.

764 2147 1024 2210 Praecepta
1045 2146 1184 2196 Vitae
1207 2146 1501 2202 Monasticae‚
1525 2146 1605 2194 lib.
1630 2160 1662 2193 1.

571 2234 628 2283 In
667 2234 885 2282 humanis
923 2232 1014 2282 effe
1055 2231 1186 2283 desiit
1232 2236 1329 2282 688
1374 2249 1500 2282 anno
1534 2233 1769 2282 humanae
1807 2233 2158 2297 redemptionis.
2234 2234 2278 2281 A
2319 2233 2499 2282 Lindis-

571 2321 705 2369 fama
748 2320 1036 2368 Dunelmum
1079 2320 1354 2369 transsatum
1398 2320 1465 2368 est
1507 2320 1608 2383 ejus
1651 2335 1833 2383 corpuS,
1878 2320 1978 2384 post
2029 2322 2129 2368 414
2180 2336 2329 2369 annos
2373 2322 2500 2385 quod

571 2407 802 2471 templum
835 2407 1152 2455 constructum
1182 2407 1248 2455 est
1279 2422 1309 2455 a
1341 2406 1593 2455 Malcolmo
1622 2421 1734 2470 rege
1768 2406 2030 2454 Scotorum.
2099 2407 2311 2456 Plurima
2340 2415 2501 2457 autem

572 2495 751 2559 templa
793 2494 1055 2544 Guthberto
1100 2494 1267 2550 dicata,
1311 2494 1362 2542 in
1405 2493 1687 2543 hodiernum
1737 2492 1882 2557 usque
1936 2493 2061 2542 diem
2105 2496 2231 2558 apud
2275 2496 2502 2544 nostrates

575 2582 956 2647 conspiciuntur;
995 2598 1055 2630 ex
1093 2581 1167 2631 his
1204 2598 1353 2630 unum
1390 2598 1537 2646 prope
1577 2580 1916 2645 Edinburgim,
1957 2581 2206 2644 antiquum
2244 2582 2361 2631 illud
2402 2583 2503 2647 qui-

576 2669 696 2725 dem,
719 2669 860 2734 vulgo
882 2668 1181 2719 Occidentale
1203 2668 1462 2733 Templum.
1531 2668 1714 2718 Claruit
1734 2667 1818 2717 sub
1841 2668 2055 2733 Eugenio
2078 2668 2270 2727 Quinto.

1337 2861 1425 2912 DE
1459 2863 1741 2914 KILIANO.

583 3015 845 3072 Knmoe,
884 3015 961 3064 vel
998 3014 1255 3073 chilianus»,
1292 3016 1541 3066 Scotorum
1575 3032 1749 3082 genere
1785 3018 2021 3069 nobilibus
2055 3027 2190 3069 ortus
2221 3021 2507 3085 parentibua

583 3118 615 3151 a
640 3102 841 3166 pueritia
873 3102 1144 3153 liberalibus
1180 3103 1341 3153 studiis
1372 3104 1605 3161 traditus3
1641 3111 1790 3168 utque
1829 3113 1932 3155 erat
1965 3107 2090 3156 felici
2124 3114 2174 3157 et
2205 3107 2509 3172 praecellenti

583 3188 771 3253 ingenio
803 3190 1054 3253 praeditus,
1092 3190 1349 3241 studiorum
1383 3208 1635 3256 rerumque
1671 3193 1885 3242 omnium
1918 3194 2156 3244 eruditam
2193 3194 2509 3259 cognitionem

586 3273 812 3325 affecutus
849 3276 925 3333 est,
964 3293 1107 3341 quam
1142 3294 1259 3329 mox
1299 3278 1440 3343 longe
1478 3277 1839 3343 splendidiorem
1875 3280 2054 3330 dabant
2096 3279 2340 3353 singularis
2384 3281 2510 3330 vitae
