2938 3900
626 475 707 519 106
1175 469 1261 512 DE
1306 463 1762 511 SCRIPTORIBUS
1807 462 2031 540 SqOTls.

883 596 1006 645 male
1044 591 1323 647 intellectos,
1363 597 1413 639 et
1460 587 1593 652 pejus
1630 586 1786 636 adhuc
1822 585 2170 648 interpretatos,
2216 583 2396 631 summa
2439 597 2547 629 cum

881 679 1125 747 diligentia
1146 685 1194 727 et
1216 675 1444 725 fidelitate
1465 672 1683 738 explicat.

814 768 1044 835 Epistolas
1067 773 1117 815 et
1139 763 1400 819 OrationeS,
1423 761 1503 811 lib.
1527 774 1560 809 1.
1585 766 1634 809 et
1656 758 1761 808 alia.

618 858 799 909 clamit
819 870 943 906 anno
964 853 1064 903 nati
1087 848 1419 915 Redemptoris
1440 846 1581 896 nostri
1610 848 1750 903 1553,
1773 845 1858 895 sub
1880 846 2045 895 Maria.

1166 1047 1252 1096 DE
1286 1042 1579 1094 RICARDO
1613 1040 1980 1093 MORYSONO.

615 1207 875 1254 Rlcmus
920 1201 1246 1256 MORYSONUS,
1291 1214 1351 1249 ex
1397 1196 1557 1247 Scotia
1594 1195 1798 1246 honestis
1824 1194 2118 1260 parentibus
2162 1199 2307 1248 ortus,
2355 1199 2403 1241 et
2448 1192 2543 1257 ipse

613 1291 767 1355 postea
801 1290 850 1338 in
894 1288 1068 1353 Anglia
1105 1285 1328 1351 equestris
1372 1284 1562 1333 ordinis.
1665 1282 1757 1333 Hic
1792 1281 2060 1332 adolescens
2098 1280 2265 1346 pietati
2302 1287 2351 1328 et
2390 1279 2545 1328 erudi-

613 1378 730 1427 tioni
775 1384 1024 1443 parentum
1070 1391 1184 1425 cura
1226 1373 1386 1423 sedulo
1430 1369 1657 1426 incubuit,
1701 1375 1889 1419 tantum
1937 1375 2099 1418 autem
2150 1367 2199 1416 in
2256 1367 2543 1416 diversarum

614 1467 786 1515 artium
822 1463 1022 1514 scientiis
1061 1462 1209 1511 studio
1250 1478 1306 1510 ac
1344 1458 1588 1525 diligentia
1622 1474 1653 1507 a
1682 1459 1935 1523 juventute
1972 1455 2185 1521 profecit,
2225 1462 2280 1504 ut
2319 1455 2402 1504 suo
2440 1463 2544 1503 tan·

613 1554 718 1601 dem
754 1552 906 1601 seculo
942 1547 1214 1599 clariffimus
1251 1547 1519 1597 haberetur.
1603 1546 1787 1595 Literas
1822 1561 1916 1594 non
1954 1560 2102 1609 parvo
2139 1543 2302 1592 labore
2338 1542 2389 1591 in
2423 1543 2543 1591 cele-

614 1640 827 1688 berrimis
859 1638 1007 1687 totius
1040 1636 1225 1686 Scotiae
1260 1641 1310 1683 et
1350 1632 1550 1698 Angliae
1588 1630 1836 1697 gymnafiis
1875 1631 2034 1687 coluit,
2070 1629 2287 1693 artesque
2326 1629 2543 1679 liberales

612 1727 847 1781 edidicit;
909 1725 1142 1773 culturam
1200 1722 1344 1771 etiam
1405 1720 1535 1769 illam
1597 1719 1781 1784 copiosa
1843 1717 1997 1768 mestis
2053 1718 2250 1783 sequuta
2305 1718 2382 1767 est.
2486 1719 2541 1766 In

612 1813 865 1878 Scripturis
902 1812 1073 1861 sanfftis
1112 1827 1140 1859 a
1176 1808 1379 1874 pueritia
1415 1805 1762 1857 studiofiffimus
1795 1812 1846 1855 et
1879 1806 2085 1854 multum
2125 1804 2352 1862 eruditus,
2396 1812 2541 1869 atque

612 1903 659 1949 in
703 1899 992 1966 philosophia
1030 1896 1455 1962 Peripateticorum
1491 1894 1610 1943 nulli
1651 1894 1733 1943 suo
1767 1900 1982 1958 tempore
2021 1893 2250 1943 secundus
2276 1910 2290 1950 ς
2326 1893 2375 1942 in
2411 1893 2541 1942 omni

612 1990 839 2037 bonarum
875 1985 1221 2050 disciplinarum
1264 1999 1438 2049 genere
1482 1984 1542 2032 ab
1587 1981 1685 2046 ipsa
1721 1981 1974 2047 juventute
2014 1980 2193 2045 optime
2237 1979 2447 2029 versatus
2491 1987 2540 2028 et

611 2075 905 2131 exercitatus
966 2073 1090 2123 unde
1150 2069 1391 2137 progressu
1451 2069 1679 2135 temporis
1738 2069 1903 2118 rhetor
1959 2067 2161 2134 infigniS,
2218 2068 2429 2117 Graecae
2485 2084 2540 2117 ac

611 2162 803 2211 Latinae
867 2161 1055 2226 linguae
1119 2158 1429 2224 peritiffimus,
1491 2163 1652 2206 orator
1712 2157 1856 2207 etiam
1913 2156 2143 2206 facundus
2197 2155 2357 2205 evafit,
2453 2155 2541 2204 His

611 2248 790 2298 addidit
833 2246 1073 2312 utriusque
1109 2246 1243 2312 juriS,
1289 2254 1339 2295 et
1381 2245 1679 2294 historiarum
1731 2261 1761 2294 a
1811 2244 2003 2293 condito
2053 2243 2231 2293 mundo
2282 2243 2444 2299 studia,
2491 2244 2538 2291 in

612 2334 781 2399 quibus
831 2334 958 2384 haud
1009 2333 1217 2383 infelices
1273 2333 1449 2383 fecerat
1504 2330 1782 2397 progrefl'us.
1879 2331 2102 2380 Summae
2158 2329 2435 2378 eruditionis
2490 2339 2539 2377 et

612 2421 906 2486 eloquentiae
957 2421 1146 2470 nomine
1192 2420 1317 2485 apud
1361 2419 1583 2469 Carolum
1634 2419 1865 2476 Quintum
1909 2417 2234 2467 Romanorum
2277 2417 2536 2472 Caesarem,

611 2517 658 2558 et
702 2508 819 2558 alios
871 2507 1156 2558 christianos
1208 2507 1456 2573 principeS,
1512 2505 1712 2555 oratoris
1766 2520 1938 2553 munus
1989 2521 2084 2554 non
2133 2504 2275 2553 semel
2331 2504 2539 2553 maximo

612 2595 820 2644 omnium
874 2594 1098 2660 applausu
1147 2601 1197 2644 et
1253 2594 1434 2644 summa
1482 2609 1591 2642 cum
1645 2592 1929 2641 dexteritate
1984 2591 2191 2641 obibat:
2248 2591 2358 2640 hinc
2412 2593 2539 2656 apud

611 2698 773 2731 omnes
818 2683 945 2731 haud
996 2682 1239 2747 vulgarem
1290 2681 1442 2730 inibat
1488 2680 1703 2746 gratiam,
1754 2686 1950 2744 eratque
2006 2680 2107 2744 ejus
2152 2679 2280 2727 inter
2329 2679 2545 2730 homines

612 2770 777 2820 doctos
810 2768 1156 2819 illustriffimum
1202 2785 1410 2825 nomen;
1454 2767 1686 2833 imprimis
1720 2783 1835 2816 vero
1872 2766 2081 2816 Henrico
2119 2766 2319 2823 OctaVO,
2355 2774 2405 2816 et
2444 2767 2550 2832 postv

612 2874 719 2906 eum
775 2857 1008 2906 Edwardo
1053 2858 1152 2921 ejus
1201 2858 1312 2913 filio,
1361 2856 1624 2922 Anglorum
1676 2855 1880 2920 regibus,
1923 2869 2061 2904 carus
2102 2854 2206 2903 fuit.
2310 2854 2429 2903 Erat
2471 2854 2545 2902 vir

613 2946 736 2994 vitae
791 2944 1063 3009 integritate
1120 2951 1169 2993 et
1223 2943 1442 3008 fingulari
1498 2943 1717 2992 doctrina
1771 2941 2060 3007 conspicuus,
2115 2941 2298 2992 subtilis
2353 2941 2542 3007 ingenii,

612 3033 788 3082 tenacis
826 3032 1095 3088 memoriae,
1134 3032 1195 3081 ad
1230 3031 1520 3081 scholasticas
1553 3029 1928 3079 concertationes
1963 3029 2084 3078 mire
2122 3037 2315 3086 acutus;
2353 3043 2543 3077 omnem

614 3119 900 3168 humanioris
966 3119 1239 3169 literaturae
1302 3125 1535 3175 ornatum,
1592 3116 1946 3182 philosophiam,
2003 3116 2434 3182 jurisprudentiam‚
2494 3122 2543 3162 et

616 3204 910 3272 theologiam,
954 3206 1165 3273 apprime
1214 3205 1412 3262 cassuin
1454 3211 1591 3256 tanta
1632 3204 1704 3254 rei
1746 3203 1984 3254 literas-iae
2028 3203 2136 3260 fitis,
2180 3210 2343 3253 tantus
2394 3218 2542 3258 amor,
