2938 3900
988 444 1074 486 DE
1123 445 1576 489 SCRIPTORIBUS
1623 447 1844 490 SCOTIS.
2320 454 2374 505 75

445 566 697 614 doctrinae
743 582 917 630 genere
963 567 1335 627 literatiffimum,
1375 577 1518 634 atque
1556 571 1680 620 hisce
1725 572 1940 620 omnibus
1985 572 2246 621 nominibus
2291 576 2372 622 im-

445 659 639 715 perator
678 652 718 700 F
719 653 957 702 redericus
998 655 1241 704 Secundus
1281 674 1389 705 eum
1426 657 1475 704 in
1515 658 1691 707 deliciis
1730 659 1907 707 habuit.
1976 659 2255 723 Comparata
2294 679 2373 709 au·

444 746 544 786 tem
595 740 844 789 doctarum
897 742 1162 807 linguarum
1215 744 1494 808 cognitione,
1551 745 1928 808 interpretationi
1979 744 2024 793 se
2080 746 2370 803 consecravit,

445 843 538 890 qua
571 834 718 891 parte,
755 829 943 894 Rogero
978 831 1165 879 Bacone
1198 831 1325 887 teste,
1360 833 1508 880 bonas
1540 838 1665 880 artes
1698 848 1793 879 non
1832 832 2130 880 mediocriter
2164 833 2371 897 juvabat.

445 915 698 963 Caeterum
741 917 867 965 hunc
906 917 1185 966 Michaelem
1224 918 1315 966 suis
1355 919 1645 983 temporibus
1684 919 1808 986 inter
1853 919 1969 966 alios
2007 918 2195 970 summis
2240 937 2373 968 ornae

446 1003 561 1051 bant
601 1004 817 1053 laudibus
849 1005 882 1053 J
884 1012 1058 1054 oannes
1098 1006 1238 1054 Picus
1270 1006 1563 1055 Mirandulae
1602 1022 1768 1061 comes,
1804 1005 2170 1070 Symphorianus
2203 1007 2370 1055 Cham—

443 1091 613 1153 perius,
654 1092 900 1140 Cornelius
935 1093 1158 1158 Agrippa,
1196 1093 1285 1141 viri
1321 1094 1537 1143 doctrina
1569 1093 1778 1158 infignes.
1846 1091 2153 1141 Penitiffimos
2188 1095 2367 1158 magiae

442 1178 642 1227 receffus
680 1180 925 1228 dicebatur
959 1181 1166 1229 maximo
1206 1181 1416 1229 omnium
1451 1182 1634 1246 stupore
1673 1179 1918 1244 indagafl'e,
1955 1187 2008 1228 ut
2048 1181 2114 1235 fit,
2156 1189 2209 1228 ut
2244 1183 2367 1244 apud

442 1267 611 1331 vulgus
649 1268 1025 1316 necromanticus
1067 1269 1334 1318 haberetur.
1417 1269 1510 1316 Sed
1545 1268 1774 1331 optimum
1813 1266 2022 1314 omnium
2057 1266 2365 1315 testimonium

444 1356 739 1418 praebebunt
762 1354 843 1402 sua
866 1371 1040 1418 opera;
1063 1355 1188 1404 inter
1211 1372 1344 1419 quae,
1367 1355 1484 1403 haec
1507 1354 1664 1417 accipe
1684 1372 1693 1401 ε

644 1441 717 1489 De
740 1440 1080 1489 Constitutione
1103 1442 1282 1497 Mundi,
1307 1441 1386 1489 lib.
1411 1456 1480 1488 IV.

645 1529 703 1576 In
726 1528 988 1577 Aristotelis
1010 1529 1193 1585 Ethica,
1217 1528 1296 1577 lib.
1321 1543 1371 1576 x.

646 1616 703 1663 In
726 1614 931 1679 ejusdem
953 1616 1178 1672 Meteora,
1202 1616 1281 1664 lib.
1306 1629 1376 1663 Ν.

646 1702 718 1750 De
742 1702 1050 1759 Animalibus,
1074 1703 1136 1751 ad
1159 1703 1415 1758 Caesarem,
1439 1702 1517 1749 lib.

643 1791 716 1839 De
740 1791 915 1839 Somno
939 1798 987 1839 et
1011 1791 1194 1856 Vigilia,
1218 1792 1298 1839 lib.

645 1878 880 1942 Imagines
902 1878 1257 1934 Astronomicas,
1281 1877 1359 1925 lib.

643 1967 716 2014 De
740 1965 888 2014 Sensu
911 1972 959 2014 et
987 1966 1192 2023 Sensato,
1216 1965 1295 2014 lib.
1319 1979 1372 2011 11.

646 2054 719 2102 De
744 2053 1079 2109 Chiromantia,
1103 2053 1182 2101 lib.

644 2142 716 2189 De
741 2141 896 2205 Signis
918 2141 1235 2196 Planetarum‚
1259 2147 1347 2188 etc.

432 2230 648 2278 ,Caetera
691 2228 797 2276 vide
842 2227 892 2275 in
930 2227 1156 2292 Catalogo
1188 2226 1354 2275 'nostro
1399 2225 1690 2289 Scriptorum
1735 2222 1982 2271 Scotorum
2027 2236 2146 2284 quae
2191 2226 2364 2273 extant,

447 2333 558 2365 nam
592 2331 746 2379 neque
780 2314 938 2362 omnia
972 2330 1092 2377 quae
1125 2313 1176 2362 in
1213 2329 1266 2361 re
1304 2311 1621 2376 philosophica
1653 2307 1839 2373 scripfit,
1873 2323 1959 2356 nec
1993 2323 2112 2371 quae
2146 2306 2203 2353 de
2237 2306 2366 2352 theo-

448 2403 612 2468 logicis
651 2402 906 2467 mystericis
945 2401 1157 2449 exaravit
1198 2400 1296 2448 ulla
1334 2398 1650 2447 inveniuntur.
1745 2394 1927 2444 Claruit
1962 2409 2090 2448 ¹anno
2128 2392 2366 2456 postquam

448 2493 659 2540 Verbum
683 2507 791 2538 caro
813 2490 994 2539 factum
1017 2488 1081 2537 est
1103 2490 1248 2544 1290,
1271 2487 1354 2536 sub
1376 2486 1409 2534 J
1410 2501 1560 2535 oanne
1584 2483 1766 2532 Baliolo
1789 2482 2035 2530 Scotorum
2057 2496 2179 2543 rege.

993 2683 1081 2732 DE
1112 2683 1146 2730 J
1147 2682 1322 2731 OANN
1324 2681 1366 2729 E
1400 2678 1823 2729 SACROBOSCO.

417 2839 680 2887 ‘JOANNES
738 2836 1097 2890 SAoRonoscus,
1154 2833 1270 2883 alias
1315 2832 1519 2888 Halifax,
1572 2832 1687 2880 item
1734 2831 1792 2878 de
1839 2826 2128 2881 Sacrob0s00,
2174 2824 2260 2879 vel,
2312 2829 2365 2870 ut

448 2928 593 2975 habet
630 2922 775 2972 editio
814 2919 1108 2976 ColonienfiS,
1155 2920 1214 2968 de
1260 2918 1556 2975 Sacrobusco,
1599 2916 1781 2966 Scotice
1824 2915 1955 2962 sonat
2000 2909 2297 2974 Halywoode,
2337 2925 2366 2956 a

449 3017 553 3064 loco
586 3013 733 3062 natali
771 3011 994 3060 nimirum
1033 3009 1093 3058 fic
1132 3008 1300 3063 dictus,
1340 3005 1466 3070 apud
1508 3002 1769 3067 Brigantes,
1801 3000 1891 3047 hoc
1926 2998 2001 3053 est,
2043 2994 2362 3048 Gallovidiam,

451 3103 502 3150 in
537 3100 747 3150 Candida
781 3097 909 3154 Casa,
946 3095 1175 3160 originem
1210 3094 1396 3148 ducens,
1433 3096 1482 3139 et
1515 3089 1689 3138 ibidem
1722 3086 1865 3150 usque
1898 3084 1959 3132 ad
1985 3083 2283 3147 juventutem
2316 3080 2366 3127 in

451 3189 588 3239 bonis
626 3186 776 3236 literis
809 3192 858 3234 et
889 3184 979 3249 piis
1011 3182 1220 3232 moribus
1258 3178 1443 3244 egregie
1482 3176 1729 3231 institutuS,
1768 3170 2066 3222 humaniores
2102 3169 2263 3218 literas
2300 3167 2370 3214 in-
