2938 3900
960 445 1046 486 DE
1094 445 1549 491 SCRIPTORIBUS
1596 450 1816 493 SCOTIS.
2278 458 2327 499 61

420 568 588 632 inquit,
615 574 640 593 ‘⁶
655 568 828 616 author
857 569 1032 633 ubique
1061 570 1177 634 pius,
1213 571 1387 636 ubique
1419 573 1598 631 doctus,
1623 574 1897 632 succinctus,
1921 584 2143 634 maturus,
2174 581 2337 642 gravis,

419 661 468 702 et
504 660 615 702 ante
651 655 826 704 multos
865 656 981 705 alios
1020 657 1269 722 praecipue
1315 659 1482 723 dignus
1522 662 1603 725 qui
1642 662 1691 710 in
1726 663 1942 712 manibus
1981 664 2223 712 hominum
2261 667 2341 714 ha-

418 744 625 798 beatur,”
662 749 750 791 etc.
819 744 895 792 Ita
928 744 1177 809 diligenter
1207 745 1257 793 in
1288 746 1438 808 omnis
1471 749 1655 812 generis
1694 750 1966 798 auctoribus
2000 751 2206 800 versatus
2240 751 2339 806 fuit,

419 837 474 878 ut
507 829 577 878 sui
610 830 752 879 seculi
786 832 904 880 nulli
936 831 1163 882 secundus
1198 834 1485 882 haberetur:
1528 842 1627 883 tam
1662 836 1868 885 Graecae
1903 854 2044 900 quam
2082 837 2339 885 Hebraicae

420 917 608 981 linguae
665 935 858 982 operam
914 919 1057 976 dedit,
1102 919 1284 969 acceflit
1330 921 1379 969 in
1423 923 1615 971 mathefi
1662 924 1832 987 peritia
1876 941 1994 988 pene
2041 917 2334 980 incredibilis,

417 1005 496 1053 sed
541 1005 713 1070 absque
758 1007 1091 1056 necromantia.
1183 1009 1389 1057 Vocatus
1440 1017 1599 1058 autem
1649 1011 1839 1059 domum
1884 1012 1943 1059 ab
1989 1012 2166 1060 Achaio
2210 1029 2334 1075 rege,

417 1093 686 1141 humaniter
727 1101 774 1142 et
813 1095 961 1143 amice
1001 1097 1061 1144 ab
1098 1095 1194 1160 ipso
1231 1097 1294 1144 est
1333 1096 1579 1161 susceptus,
1621 1104 1668 1145 et
1706 1098 1833 1145 haud
1871 1098 2020 1146 multo
2058 1098 2156 1162 post
2195 1098 2337 1146 inter-

407 1181 540 1244 jecto
574 1188 800 1245 tempore,
836 1190 889 1230 ut
919 1183 1147 1231 testantur
1181 1184 1341 1231 Herm.
1380 1184 1680 1240 Kirchnerus,
1716 1184 1794 1232 lib.
1836 1184 1881 1231 ii.
1917 1185 1974 1232 de
2007 1185 2124 1231 Jure
2158 1184 2332 1247 Legati,

418 1268 698 1331 Rudolphus
723 1269 996 1325 Boteraeus,
1020 1270 1196 1318 Paulus
1226 1271 1422 1326 Merula,
1454 1277 1502 1318 et
1532 1270 1626 1334 ipse
1654 1271 1913 1335 Polydorus
1935 1271 2168 1334 Virgilius,
2191 1272 2223 1318 J
2225 1288 2334 1318 oan-

416 1372 499 1403 nes
533 1356 817 1412 GualteriuS,
854 1363 902 1404 et
935 1357 1028 1413 alii,
1063 1359 1123 1405 ab
1164 1358 1328 1405 eodem
1368 1357 1546 1405 Achaio
1584 1357 1831 1405 Scotorum
1871 1374 1980 1422 rege
2020 1359 2079 1406 ad
2115 1359 2333 1406 Carolum

414 1442 643 1507 Magnum
681 1443 911 1491 Alcuinus
945 1444 1022 1491 hic
1059 1461 1166 1492 cum
1205 1444 1357 1492 tribus
1393 1443 1496 1492 aliis
1534 1442 1678 1499 sociis,
1717 1444 2030 1493 conterraneis
2063 1444 2165 1500 suis,
2201 1445 2333 1491 nimi-

414 1546 521 1576 rum
567 1529 765 1578 Claudio
822 1531 1077 1586 Clemente,
1129 1531 1162 1578 J
1165 1548 1314 1579 oanne
1364 1530 1607 1587 Mailrofio,
1655 1538 1702 1579 et
1747 1531 1943 1579 Rabano
2000 1531 2179 1586 Mauro,
2227 1548 2334 1578 cum

415 1617 652 1667 Gulielmo
699 1618 842 1666 etiam
894 1619 1018 1682 regis
1062 1619 1219 1675 fratre,
1272 1619 1454 1683 legatus
1503 1619 1791 1674 mittebatur,
1844 1635 1930 1682 pro
1982 1625 2208 1683 perpetuo
2253 1618 2331 1665 illo

415 1711 539 1757 inter
576 1708 740 1755 Scotos
777 1714 824 1754 et
861 1707 1021 1755 Gallos
1054 1707 1283 1755 firmando
1319 1707 1504 1754 foedere
1541 1705 1757 1753 adversus
1793 1706 1970 1768 Anglos
2006 1705 2331 1754 celeberrimos

413 1789 576 1852 hostes,
614 1802 662 1843 et
703 1795 818 1843 alias
855 1795 1061 1843 exoticas
1104 1801 1281 1859 gentes,
1323 1794 1448 1858 quod
1491 1794 1541 1841 in
1585 1793 1863 1842 hodiernum
1908 1794 2050 1856 usque
2095 1793 2219 1841 diem
2262 1793 2330 1839 in-

413 1884 639 1932 violatum
678 1888 936 1946 permanet.
1011 1882 1102 1929 Hic
1145 1881 1372 1929 Alcuinus
1412 1881 1632 1930 Carolum
1668 1880 1853 1928 induxit
1888 1887 1941 1928 ut
1980 1879 2162 1928 Parifiis
2201 1897 2330 1943 gym-

411 1971 588 2020 nafium
621 1953 862 2034 publicum
897 1969 1129 2017 fundaret.
1199 1970 1255 2016 In
1292 1968 1527 2017 Parifienfi
1567 1968 1710 2032 igitur
1743 1967 1996 2016 Academia
2029 1967 2168 2031 primi
2198 1983 2329 2030 prae-

411 2067 625 2124 ceptores
665 2058 794 2106 Scoti
834 2057 1108 2113 extiterunt,
1149 2063 1203 2104 ut
1248 2073 1409 2104 omnes
1452 2055 1666 2111 historici,
1707 2055 1831 2103 Galli
1877 2062 1924 2102 et
1970 2055 2109 2109 Scoti‚
2155 2061 2203 2101 et
2248 2054 2326 2116 qui

411 2149 468 2196 de
505 2145 788 2195 Academiae
825 2143 1085 2192 Parifienfis
1129 2143 1415 2200 fundatione,
1457 2143 1547 2192 fine
1586 2144 1684 2192 ulla
1735 2142 2019 2206 exceptione.
2094 2141 2325 2203 Rudolph.

411 2238 671 2285 Boteraeus
693 2234 743 2282 in
766 2233 982 2281 Lutetia:

880 2375 932 2412 Et
951 2374 1105 2412 tandem
1125 2373 1295 2425 egregius
1314 2372 1511 2411 Scotorum
1529 2372 1680 2410 emersit
1697 2371 1744 2409 ab
1763 2371 1836 2408 oris

934 2449 1134 2487 Alcuinus.

408 2581 633 2630 Rabanus
670 2585 718 2627 et
763 2577 1004 2633 Alcuinus‚
1051 2577 1203 2640 inquit
1249 2575 1471 2631 Lessaeus,
1518 2573 1749 2638 legatione
1793 2573 1986 2636 peracta
2028 2571 2077 2618 in
2122 2570 2326 2618 Scotiam

408 2674 747 2723 revertuntur;
792 2666 840 2714 id
886 2666 1012 2729 quod
1057 2666 1170 2712 dum
1214 2665 1247 2712 J
1248 2678 1421 2712 oannes
1466 2650 1514 2709 et
1553 2661 1768 2709 Clemens
1811 2658 1927 2706 serio
1973 2675 2157 2721 quoque
2202 2658 2324 2720 cogi-

406 2762 523 2812 tant,
569 2754 767 2803 Carolus
811 2754 1012 2816 Magnus
1056 2768 1142 2799 rex
1186 2750 1401 2815 precibus
1446 2748 1598 2797 effecit
1642 2754 1696 2795 ut
1736 2747 1785 2794 in
1823 2745 2022 2794 Francia
2066 2745 2323 2792 haererent.

407 2845 483 2893 Ad
523 2841 797 2897 academias,
839 2822 923 2887 ille¹
958 2839 1166 2903 Papiam,
1200 2838 1277 2886 hic
1307 2835 1607 2890 Parifiensem
1641 2835 1858 2897 (quarum
1895 2833 2197 2880 fundamenta
2230 2846 2322 2876 non

406 2934 474 2981 ita
516 2930 699 2995 pridem
744 2928 940 2977 Carolus
985 2928 1186 2991 Magnus
1219 2926 1419 2989 jecerat)
1464 2930 1518 2971 ut
1554 2923 1871 2986 juventutem'
1895 2919 1960 2967 ibi
2004 2917 2150 2966 literis
2194 2904 2323 2964 disci-

406 3019 637 3084 plinisque
672 3017 949 3071 imbuerent,
990 3014 1295 3076 ablegantur;
1334 3010 1457 3058 unde
1497 3008 1632 3057 facile
1661 3007 1818 3054 videre
1849 3005 1924 3060 est,
1962 3004 2086 3067 quod
2121 3004 2180 3050 ab
2219 3002 2320 3050 aliis

404 3106 568 3156 multis
607 3105 671 3152 est
708 3102 962 3150 memoriae
1001 3098 1254 3164 proditum,
1295 3096 1515 3160 quicquid
1553 3094 1628 3143 vel
1666 3092 1894 3157 politioris
1931 3091 2201 3139 literaturae
2247 3091 2320 3137 vel

406 3193 634 3244 solidioris
674 3191 916 3240 doctrinae
956 3189 1005 3236 in
1044 3187 1136 3235 illis
1171 3183 1420 3234 academiis
1452 3183 1554 3246 jam
1592 3181 1760 3245 vigeat,
1803 3195 1862 3226 ex
1907 3177 2056 3227 Scotis
2099 3183 2323 3240 tanquam

406 3299 466 3330 ex
501 3280 710 3330 fontibus
747 3275 988 3328 emanafl'e.
1057 3276 1113 3322 In
1156 3279 1290 3325 tanta
1327 3269 1644 3320 familiaritate
1684 3267 1808 3331 apud
1847 3266 2066 3314 Carolum
2103 3264 2326 3327 Magnum
