2938 3900
559 463 618 507 94
1092 458 1177 502 DE
1229 451 1684 501 SCRIPTORIBUS
1736 449 1961 495 SCOTIS.

1182 688 1270 738 DE
1300 687 1334 737 J
1336 686 1556 736 OANNE
1589 682 1866 734 MAJORE.

557 849 788 897 Joanm-:s
834 845 1013 894 Maron
1057 841 1259 897 nomine,
1305 839 1496 890 natione
1542 838 1724 893 Sootus,
1769 835 1926 901 patria
1981 833 2387 901 Hadingtonenfis,
2444 842 2493 883 et

559 931 830 999 profeffione
867 930 1116 995 theologus
1153 927 1437 977 Academiae
1475 923 1749 975 Parifienfis.
1832 924 1924 973 Hic
1963 924 2209 989 postquam
2253 923 2305 972 in
2340 923 2496 988 patria

559 1022 739 1070 strenue
793 1015 1002 1068 coluifl’et
1060 1016 1164 1065 illas
1207 1013 1484 1079 disciplinas,
1530 1029 1651 1079 quae
1695 1013 1756 1062 ab
1800 1011 2098 1062 humanitate
2142 1026 2318 1060 nomen
2364 1026 2496 1059 aoce-

557 1114 740 1172 pemnt,
788 1105 941 1170 prima
984 1104 1110 1153 enim
1153 1102 1399 1152 literarum
1442 1102 1751 1151 fundamenta
1797 1100 1915 1166 jecit
1974 1100 2025 1148 in
2077 1098 2235 1148 schola
2285 1097 2498 1163 Hading-

557 1192 745 1249 tonenfi,
797 1209 856 1241 ex
903 1208 997 1256 qua
1045 1190 1160 1239 urbe
1211 1196 1315 1238 erat
1364 1189 1604 1246 oriundus,
1656 1196 1705 1239 et
1754 1189 1909 1254 prima
1957 1187 2124 1237 saltem
2175 1185 2497 1252 philosophiae

557 1281 823 1330 rudimenta
854 1276 1141 1344 degnffiaffet,
1186 1276 1369 1342 patriae
1397 1275 1506 1326 suae
1542 1277 1720 1327 etenim
1753 1274 2007 1343 gymnasia,
2044 1274 2498 1340 Andreapolitanam

558 1368 767 1433 intelligo
812 1365 1127 1422 Academiam,
1172 1364 1385 1414 florentis
1435 1365 1607 1414 aetatis
1657 1363 1926 1415 adolescens
1968 1362 2196 1413 laboriose
2242 1361 2402 1419 coluit,
2448 1361 2498 1410 in

558 1454 777 1519 Angliam
817 1454 1056 1519 profectus
1087 1451 1451 1501 Univerfitatem
1483 1450 1917 1517 cantabrigiensem
1952 1449 2211 1500 studiorum
2246 1447 2384 1500 causa
2417 1464 2499 1513 pe-

557 1541 647 1598 tiit,
687 1542 844 1606 ibique
879 1541 929 1590 in
971 1539 1139 1590 Christi
1182 1539 1394 1605 Collegio
1434 1540 1583 1589 trium
1620 1538 1848 1589 menfium
1891 1538 2081 1588 auditor
2123 1537 2280 1587 faetus
2324 1536 2401 1593 est,
2441 1552 2499 1586 eo

559 1628 683 1691 quod
714 1627 861 1692 ipsum
897 1627 947 1675 in
986 1625 1150 1675 Sancti
1183 1626 1403 1675 Andreae
1437 1626 1663 1690 parochia
1694 1625 1832 1675 fitum
1862 1626 2137 1682 offenderat,
2170 1631 2227 1673 ut
2256 1624 2307 1673 in
2345 1623 2500 1688 primo

559 1713 638 1763 suo
676 1715 796 1764 libro
832 1715 891 1763 de
929 1714 1177 1763 Scotorum
1218 1712 1380 1770 Gestia
1417 1729 1518 1778 cap.
1557 1728 1608 1762 v.
1646 1713 1990 1763 commonstrat.
2070 1710 2270 1762 Parifios
2303 1710 2414 1759 inde
2450 1710 2501 1758 in

560 1801 735 1851 Gallias
773 1802 1060 1867 pervolabat,
1096 1801 1365 1850 uberiorem
1408 1800 1599 1851 suorum
1633 1801 1891 1851 studiorum
1929 1800 2116 1850 cursum
2155 1799 2252 1848 illic
2296 1799 2346 1848 in
2393 1798 2502 1848 Col-

559 1888 680 1953 legio
724 1889 902 1937 Montis
946 1888 1089 1938 Acuti
1134 1888 1492 1952 completurus:
1538 1888 1665 1937 unde
1711 1904 1772 1937 ex
1820 1904 1878 1937 eo
1921 1887 2115 1937 tandem
2159 1885 2336 1951 prodiit
2382 1885 2500 1942 1000,

562 1973 714 2039 inquit
749 1975 936 2031 Baleu8‚
972 1991 1172 2041 magnae
1212 1975 1454 2023 Sorbonae
1490 1973 1783 2025 scholasticus
1819 1975 2000 2032 doctor,
2041 1981 2091 2024 et
2126 1974 2177 2023 in
2210 1990 2267 2024 ea
2295 1973 2504 2039 specula-

559 2066 686 2115 tione
725 2065 1005 2130 disceptator
1042 2063 1340 2115 acutiffimus.
1433 2065 1538 2115 Hoc
1577 2069 1611 2117 J
1612 2084 1764 2118 oanne
1803 2067 1998 2133 Majore,
2038 2067 2089 2115 in
2126 2066 2352 2116 facultate
2393 2065 2503 2115 Sor-

561 2152 738 2208 bonica,
773 2153 980 2201 humana
1016 2152 1266 2216 divinaque
1303 2150 1597 2217 philosophia
1629 2154 1870 2219 majorem,
1902 2151 2220 2209 illustriorem,
2256 2159 2388 2202 aetas
2422 2151 2505 2201 illa

562 2255 657 2288 non
705 2239 857 2294 tulit;
912 2239 1120 2288 maximo
1175 2237 1399 2302 fiquidem
1454 2238 1538 2288 illo
1592 2230 1747 2290 seculo
1792 2240 1919 2290 inter
1979 2240 2228 2305 theologos
2287 2239 2503 2288 nominis.

562 2325 866 2389 Posteaquam
914 2325 1128 2373 Lutetiae
1181 2341 1355 2389 magna
1403 2341 1512 2374 cum
1557 2326 1831 2376 celebritate
1883 2326 2100 2391 plurimis
2143 2325 2280 2375 annis
2326 2326 2505 2374 sacram

563 2412 847 2477 theologiam
893 2410 1199 2476 praelegiss'et,
1244 2411 1295 2460 in
1339 2411 1547 2461 Scotiam
1590 2413 1784 2462 tandem
1827 2420 2087 2470 revocatus,
2129 2413 2190 2462 ad
2234 2420 2502 2463 extremum

563 2499 706 2564 usque
750 2498 875 2548 vitae
919 2498 1027 2547 suae
1082 2498 1207 2547 diem
1252 2498 1302 2547 in
1342 2498 1600 2549 Academia
1643 2500 2047 2566 Andreapolitana
2091 2501 2233 2566 primi
2277 2500 2500 2566 theologi,

563 2602 657 2634 non
707 2585 863 2634 minus
906 2586 1164 2651 prudenter
1208 2602 1351 2650 quam
1399 2586 1489 2651 pie,
1539 2604 1734 2636 munere
1780 2588 1974 2638 functus
2023 2589 2100 2638 est.
2191 2589 2309 2639 Erat
2354 2588 2499 2638 etiam

562 2673 662 2737 regi
691 2672 872 2752 Jacpbo
906 2673 1097 2731 Quinto,
1132 2673 1363 2723 virtutum
1400 2681 1449 2723 et
1485 2675 1761 2724 eruditionis
1796 2676 1999 2733 nomine,
2036 2676 2292 2726 admodum
2330 2677 2501 2726 famili-

563 2759 657 2808 aris
689 2766 739 2808 et
774 2775 922 2809 carus.
991 2759 1077 2807 Vir
1113 2759 1325 2809 veritatis
1357 2761 1532 2826 ubique
1568 2779 1711 2826 quam
1747 2763 2043 2829 eloquentiae
2079 2763 2330 2821 studiofior,
2365 2771 2420 2813 ut
2450 2764 2499 2813 in

564 2845 811 2903 volumine,
842 2863 984 2912 quam
1007 2846 1259 2896 Historiam
1282 2846 1474 2912 Majoris
1507 2833 1782 2900 Britanniae
1811 2850 2050 2916 inscripsit,
2074 2868 2161 2917 per
2190 2852 2327 2901 illum
2355 2831 2497 2908 edito,

564 2933 721 2983 videre
756 2934 880 2983 licet.
968 2935 1080 2984 Fuit
1125 2935 1268 2984 etiam
1314 2936 1586 3002 integritate
1633 2939 1758 2988 vitae
1802 2946 1851 2988 et
1895 2939 2159 2989 eruditione
2203 2940 2310 3005 plus
2354 2955 2499 3004 quam

556 3021 743 3089 ,ungari
777 3029 928 3079 notus,
963 3023 1013 3071 in
1046 3023 1174 3072 omni
1211 3024 1409 3074 cultiore
1437 3023 1656 3075 doctrina
1683 3023 1969 3084 cultiffimus,
2000 3025 2181 3076 subtilis
2214 3026 2404 3092 ingenii,
2427 3033 2499 3075 te—

565 3108 692 3156 nacis
723 3110 988 3167 memoriae,
1023 3110 1083 3159 ad
1119 3110 1405 3161 scholasticas
1437 3112 1809 3162 concertationes
1839 3113 1959 3163 mire
1994 3121 2188 3172 acutus;
2222 3129 2309 3179 per
2338 3113 2497 3162 omnia

566 3193 766 3258 denique
789 3194 956 3244 doctor
977 3195 1216 3260 perfeecus
1238 3203 1287 3245 et
1309 3196 1560 3247 absolutus.
1629 3200 1762 3250 Inter
1784 3217 1842 3250 ea
1863 3217 1985 3267 quae
2007 3200 2214 3266 plurima
2235 3198 2422 3265 scripfiss

760 3280 1109 3332 Commentaria
1131 3282 1179 3331 in
1204 3290 1408 3347 quatuor
1428 3284 1698 3350 Evangelia,
