2938 3900
1317 398 1366 444 iii

373 522 498 592 quis
551 540 607 575 es
660 522 757 594 qui
811 522 947 577 haec
997 523 1159 596 leges,
1211 525 1391 592 velim,
1443 530 1628 594 amice,
1679 532 1813 586 scias
1863 532 1952 587 hic
1996 543 2052 589 te
2094 536 2291 591 habere

373 621 650 680 conatum,
682 623 748 668 ut
773 613 1027 680 liberum,
1067 618 1146 671 ita
1172 619 1498 684 modestum,
1524 621 1764 676 hominis
1791 624 2017 695 quidem
2054 630 2294 694 ὁψεμαθοῦς

375 704 704 778 [legendum
743 710 1027 785 ὀψιμαθοῦς]
1068 717 1138 775 et,
1178 718 1244 763 ut
1283 711 1397 783 ipse
1442 713 1682 784 ingenue
1726 714 1946 780 fatetur,
1991 725 2293 785 παυςομαθοῦς,

372 799 598 852 interim
650 807 773 853 tum
819 810 1088 868 φιλομαθοῦς,
1136 809 1256 856 tum
1303 812 1565 865 φιλαληθοῦς,
1618 824 1782 877 super
1832 825 1890 860 re
1934 808 2185 873 maxima,
2236 809 2292 862 id

372 898 470 955 est,
502 909 667 963 super
693 893 908 946 animae
947 902 1166 948 nostrae
1197 895 1412 966 integra
1448 895 1690 961 historia,
1729 899 1825 952 ubi
1852 900 2065 953 animae
2102 900 2293 953 huma-

372 1001 476 1037 nae
503 984 730 1038 nomina
754 986 901 1039 varia
927 985 1144 1051 evolvit,
1184 995 1440 1040 naturam
1485 988 1706 1041 semotis
1738 991 2017 1044 erroribus
2056 990 2291 1063 explicat

374 1080 506 1127 τόπου
533 1076 592 1129 in
619 1095 858 1150 corpore,
885 1078 1095 1131 ind-icat
1119 1082 1357 1139 ἀθανασίαν,
1397 1078 1738 1133 demonstrat
1764 1089 2044 1152 separatae
2063 1090 2290 1146 statum,

373 1176 430 1221 et
474 1169 661 1222 denuo
699 1170 891 1223 unitae
932 1170 1144 1241 corpori
1191 1170 1565 1223 conditionem
1605 1172 1877 1226 ostendit:
1929 1191 2071 1244 quae
2108 1173 2291 1226 omnia

372 1260 561 1332 paucis
602 1267 660 1313 et
705 1260 864 1314 claris
906 1279 1007 1332 pro
1051 1261 1279 1314 modulo
1322 1261 1611 1314 tenuitatis
1657 1280 1785 1315 suae
1829 1262 2133 1318 industrius
2176 1283 2290 1318 mo-

372 1351 527 1405 litur.
629 1352 755 1411 Quo
806 1353 865 1405 in
918 1353 1141 1424 negotio
1192 1353 1237 1406 si
1286 1359 1512 1425 propter
1574 1353 2008 1408 imbecillitatem
2072 1356 2291 1427 ingenii,

373 1444 642 1498 librorum
689 1451 746 1498 et
791 1444 891 1497 otii
942 1445 1200 1517 inopiam,
1244 1463 1356 1498 non
1398 1443 1562 1516 plene
1613 1445 1795 1499 effecit
1844 1447 1995 1517 quod
2045 1447 2184 1500 serio
2234 1448 2290 1499 in

375 1536 516 1591 votis
554 1537 766 1600 habuit,
807 1544 994 1591 tamen
1033 1537 1139 1591 hoc
1173 1556 1272 1590 suo
1303 1534 1678 1608 qualicunque
1713 1535 1898 1591 labore
1936 1539 2004 1592 ad
2045 1539 2103 1591 id
2141 1557 2292 1592 exac-

374 1629 486 1682 tius
532 1629 937 1700 exequendum,
983 1630 1136 1701 quod
1175 1628 1284 1693 ille,
1331 1628 1622 1701 praedictis
1671 1629 2029 1683 incommodis
2072 1648 2291 1702 praepe-

373 1722 539 1785 ditus,
566 1728 843 1793 praestare
881 1706 1032 1774 omni
1059 1739 1127 1774 ex
1152 1727 1309 1793 parte
1347 1720 1613 1792 nequivit,
1644 1719 1775 1774 licet
1799 1720 2036 1775 maxime
2074 1721 2290 1793 optarit,

375 1832 434 1867 se
477 1812 708 1866 meliora
752 1813 975 1886 ingenia
1018 1813 1294 1877 excitasse,
1339 1812 1541 1884 quibus
1584 1809 1711 1865 libri
1750 1820 1807 1866 et
1851 1813 2026 1865 otium
2072 1813 2291 1865 abunde

376 1913 699 1978 suppetunt,
738 1924 851 1958 non
890 1905 1093 1958 dubius
1131 1905 1233 1959 sibi
1272 1904 1553 1976 spondet.”
1632 1904 1710 1956 Et
1747 1903 1804 1957 in
1844 1904 2014 1957 altera
2052 1903 2292 1976 epistola,

320 2005 322 2007 ’
377 2006 405 2030 “
445 1996 828 2051 Illustrissimo
855 1998 998 2061 -vir0‚
1043 1997 1205 2050 Dom.
1247 1994 1549 2049 Guillelmo
1593 1995 1855 2058 CravenO,
1901 1996 1973 2048 D.
2013 1995 2081 2048 de
2121 1994 2293 2048 Ham-

378 2090 535 2153 steid,
562 2091 656 2142 &c
685 2089 868 2160 Regni
895 2087 1130 2160 Angliae
1157 2088 1330 2151 Pari‚’'
1368 2087 1502 2140 haec
1527 2087 1596 2140 de
1623 2089 1679 2139 se
1706 2086 2107 2140 Buchananus:
2148 2093 2176 2117 ‘⁶
2194 2087 2294 2139 Su-

377 2181 684 2253 perioribus
735 2181 894 2234 annis
949 2196 1125 2252 quum
1176 2180 1235 2232 in
1285 2179 1480 2233 Galliis
1530 2179 1799 2249 degerem,
1861 2179 2032 2230 bonos
2082 2176 2293 2248 aliquot

379 2273 641 2327 authores
685 2276 805 2325 κατὰ
839 2276 1074 2340 ’συγκυρίαν
1124 2286 1358 2335 versans,
1422 2279 1479 2323 et
1529 2287 1746 2323 mecum
1809 2269 1924 2339 ipse
1991 2268 2293 2322 identidem

379 2366 669 2430 meditans,
720 2365 993 2437 quaedam
1037 2372 1094 2418 et
1132 2383 1196 2417 ca
1245 2382 1357 2417 non
1408 2380 1594 2434 pauca,
1646 2378 1827 2432 neque
1865 2360 2003 2413 scitu
2055 2359 2293 2430 indigna,

381 2477 569 2530 neque
603 2459 833 2549 ingrata,
878 2476 1041 2529 super
1085 2457 1269 2509 anima
1309 2454 1549 2507 hominis
1589 2453 1741 2505 haud
1785 2452 1901 2505 sine
1946 2469 2075 2504 cura
2119 2452 2295 2503 obser-

379 2568 581 2614 vamm,
626 2544 769 2621 quae
801 2549 1003 2621 partim
1048 2549 1104 2601 in
1146 2547 1443 2600 amicorum
1464 2545 1730 2616 gratiam,
1772 2543 1973 2615 partim
2011 2543 2070 2595 in
2112 2559 2295 2594 meum

382 2643 557 2714 ipsius
617 2641 984 2705 commodum,
1055 2657 1304 2693 sermone
1369 2637 1413 2690 F
1416 2633 1738 2707 rancogalhs
1799 2632 2069 2697 familiari,
2132 2640 2296 2703 prout

380 2742 519 2787 tunc
566 2742 837 2805 poteram,
887 2732 1089 2786 chartis
1141 2729 1550 2801 consignaran13
1614 2726 1838 2779 tandem
1882 2732 2006 2796 post
2055 2722 2296 2794 plurium

384 2843 656 2879 annorum
694 2825 826 2878 foris
863 2842 1073 2877 moram
1103 2823 1174 2875 ad
1211 2828 1425 2874 nostros
1467 2835 1728 2880 reverSUS,
1766 2833 1939 2886 quum
1978 2815 2126 2885 apud
2164 2829 2299 2865 non·-

386 2915 584 2981 nullos,
621 2924 687 2969 ut
725 2916 860 2987 pios,
899 2916 977 2968 ita
1015 2915 1218 2975 doctOS,
1257 2913 1326 2965 de
1353 2929 1416 2964 ea
1439 2928 1511 2972 re,
1551 2909 1693 2962 sicut
1730 2922 2118 2976 saepenumero
2154 2904 2299 2956 inter

386 3028 572 3063 rerum
614 3007 905 3062 meliorum
951 3005 1222 3058 studiosos
1265 2998 1344 3065 fit,
1386 3001 1549 3053 verba
1592 2998 1839 3059 facerem,
1883 2997 1951 3048 ab
1993 2995 2059 3048 iis
2102 2994 2301 3047 obnixe

388 3103 652 3157 invitatus
697 3100 794 3162 fui,
842 3105 907 3151 ut
945 3115 1086 3168 quae
1125 3096 1194 3148 de
1238 3093 1420 3146 anima
1463 3097 1650 3144 nostra
1692 3088 1750 3140 in
1793 3087 2034 3159 privatos
2076 3103 2201 3138 usos
2234 3093 2302 3136 ,et

389 3194 651 3248 idiomate
697 3191 795 3245 uni
838 3188 991 3260 genti
1039 3180 1331 3240 vernaculo
1373 3183 1574 3254 scripta
1609 3180 1898 3243 haberem,
1937 3177 2301 3231 in.Latinum
