2938 3900
985 463 1072 505 DE
1120 462 1582 508 SCRIPTORIBUS
1629 465 1856 509 SCOTIS.
2331 476 2413 516 105

463 587 714 652 Postquam
750 602 899 637 annos
937 587 1277 639 adolescentiae
1317 590 1367 638 in
1405 589 1566 639 studiis
1613 590 1859 641 literarum
1904 591 1974 641 illi
2019 595 2165 643 aetati
2211 612 2407 662 congru·
2481 604 2486 608 '

467 676 507 724 is
550 676 600 723 in
645 675 805 725 Scotia
859 675 1163 742 transegisset,
1216 694 1247 727 a
1297 676 1563 743 praecipuis
1607 680 1838 728 bonarum
1881 679 2129 730 literarum
2174 683 2402 748 magistris

452 761 799 827 diligentiffime
844 763 1051 829 primum
1096 764 1363 823 infla-uetus,
1403 765 1607 815 Galliam
1644 766 1834 830 juvenis
1870 766 2021 831 petiit,
2069 768 2152 817 ubi
2198 770 2396 820 Parisios

454 847 501 897 se
556 850 771 907 contulit,
820 858 869 900 et
915 850 1064 900 trium
1118 851 1388 917 linguarum
1444 851 1773 918 principalium
1823 854 2034 904 studiofis
2082 855 2128 905 se
2175 858 2398 908 comitem

453 936 706 1001 adjunxit3
763 939 886 987 unde
931 937 1173 1003 ingenium
1218 938 1497 988 instructum
1541 941 1708 990 habuit
1756 958 1852 991 non
1905 943 2088 1009 vulgari
2151 944 2398 995 literarum

455 1025 737 1090 cognitione.
812 1026 1011 1075 Praeter
1044 1034 1233 1076 caetera
1267 1043 1380 1076 vero
1418 1027 1539 1076 mira
1574 1045 1635 1077 ex
1675 1035 1888 1094 tempore
1923 1030 2109 1079 dicendi
2155 1032 2407 1082 scribendi-

456 1130 548 1178 que
599 1113 875 1171 facunditas,
925 1114 994 1162 ita
1038 1120 1093 1162 ut
1137 1115 1311 1163 cuncta
1364 1130 1485 1178 quae
1538 1115 1876 1181 aggrederetur
1931 1133 2027 1167 non
2083 1117 2240 1168 minus
2299 1121 2406 1177 cito,

455 1215 598 1263 quam
632 1199 833 1249 feliciter
874 1206 924 1249 et
963 1200 1218 1265 eleganter,
1261 1200 1522 1264 perficeret.
1603 1199 1803 1250 Acceflit
1842 1202 1904 1251 ad
1941 1202 2138 1253 Latinae
2180 1205 2409 1255 Graecae-

454 1305 547 1353 que
595 1288 784 1354 linguae
836 1287 1069 1353 peritiam,
1126 1287 1471 1337 Hebraicarum
1522 1303 1711 1352 quoque
1764 1289 2012 1339 literarum
2066 1291 2409 1358 intelligentia;

454 1377 625 1441 quibus
666 1392 772 1425 eam
817 1391 1011 1440 operam
1055 1374 1189 1424 brevi
1234 1374 1462 1439 temporis
1507 1374 1657 1439 spatio
1701 1375 1946 1441 impendit,
1992 1384 2046 1427 ut
2087 1395 2182 1428 non
2231 1381 2409 1430 medio-

452 1480 581 1513 crem
619 1471 725 1512 tum
770 1463 983 1512 omnium
1023 1463 1188 1512 mundi
1228 1461 1517 1512 naturalium
1557 1479 1731 1521 rerum,
1777 1471 1881 1514 tum
1921 1465 2153 1530 imprimis
2195 1468 2401 1517 caelestis

455 1551 704 1602 doctrinae
743 1550 1064 1617 cognitionem
1103 1551 1380 1617 perciperet.
1472 1551 1675 1601 Intimae
1711 1551 2043 1618 philosophiae,
2077 1554 2236 1605 omnia
2274 1572 2409 1605 exac—

452 1639 621 1690 tiflime
651 1639 916 1705 perdidicit,
952 1647 1001 1689 et
1033 1639 1366 1704 eloquentiam,
1402 1655 1462 1687 ex
1492 1637 1743 1704 puriflimis
1781 1639 1991 1689 fontibus
2024 1640 2247 1698 haustam,
2286 1644 2406 1691 anti-

454 1744 657 1792 quorum
703 1727 999 1793 temporibus
1043 1734 1296 1793 aequatam
1341 1727 1392 1775 in
1437 1725 1618 1790 scriptis
1664 1725 1881 1775 ostendit.
1974 1728 2051 1776 Ad
2106 1728 2403 1792 postremum,

455 1816 712 1866 studiorum
774 1816 1009 1866 rationem
1081 1832 1271 1864 omnem
1332 1814 1393 1864 ad
1454 1814 1690 1863 sacrarum
1765 1813 2011 1864 literarum
2075 1816 2404 1882 cognitionem,

455 1903 646 1969 egregio
688 1904 928 1953 sacerdote
974 1903 1179 1969 dignam,
1220 1902 1435 1952 contulit.
1525 1901 1638 1950 Fuit
1678 1901 1914 1952 Patricius
1962 1902 2038 1952 hic
2084 1903 2157 1953 vir
2204 1904 2408 1971 integer-

455 1992 602 2041 rimae
649 1992 787 2048 vitae‚
828 2008 1028 2057 magnae
1067 1991 1213 2040 etiam
1250 1989 1501 2056 gravitatis
1537 1997 1586 2039 et
1625 1989 1898 2047 severitatis,
1938 1990 2136 2057 diligens
2175 1992 2406 2043 virtutum

456 2080 623 2136 cultor,
670 2079 928 2128 acerrimus
972 2078 1198 2129 vitiorum
1247 2077 1365 2134 osor,
1417 2084 1466 2126 et
1512 2078 1724 2127 omnium
1769 2076 2005 2128 sectarum
2050 2086 2100 2128 et
2143 2080 2404 2131 haerefium

455 2167 670 2234 capitalis
712 2167 866 2217 hostis,
930 2167 1157 2233 ‘Ingenio
1202 2172 1306 2216 erat
1348 2181 1496 2231 prope
1542 2163 1712 2221 divin0,
1761 2164 1948 2230 eloquio
1992 2165 2127 2230 gravi
2171 2173 2221 2215 et
2260 2168 2397 2225 terso,

455 2257 505 2306 in
540 2256 671 2306 omni
708 2255 883 2306 artium
930 2262 978 2305 et
1018 2255 1366 2321 disciplinarum
1405 2268 1578 2318 genere
1621 2249 1922 2309 doctiffimus,
1968 2259 2017 2301 et
2060 2260 2252 2318 praeter
2297 2256 2404 2304 doc-

454 2343 631 2394 trinam
666 2342 959 2408 fingularem,
990 2342 1064 2392 vir
1096 2348 1226 2391 certe
1259 2341 1591 2406 perhumanus,
1627 2339 1838 2397 affabilia
1873 2341 2118 2398 modestus,
2153 2357 2209 2390 ac
2247 2343 2399 2392 multa

456 2429 758 2480 veneratione
793 2430 974 2496 dignus.
1045 2429 1186 2479 Hunc
1227 2436 1281 2478 ut
1317 2435 1489 2477 natura
1521 2443 1692 2492 parens
1725 2427 1944 2477 maximis
1977 2428 2216 2478 decoravit
2251 2431 2398 2480 animi

456 2516 658 2573 dotibus,
700 2525 749 2566 et
785 2518 992 2568 naturali
1030 2518 1091 2566 ad
1130 2533 1290 2565 rerum
1337 2514 1626 2581 indagandas
1666 2522 1859 2565 naturas
1897 2523 2289 2580 praeparamento
2334 2518 2403 2566 in-

456 2603 652 2670 fignivit,
720 2605 788 2654 ita
852 2605 1044 2655 fortuna
1103 2606 1336 2654 bonorum
1403 2603 1604 2652 cumulis
1663 2601 1987 2668 ingentiffimis
2042 2611 2091 2652 et
2145 2603 2400 2669 gratiffima

455 2693 739 2742 dexteritate
775 2709 883 2741 611111
917 2692 1156 2742 uberrime
1189 2690 1395 2741 donavit.
1463 2690 1535 2739 Ne
1567 2696 1730 2741 autem
1764 2690 1963 2757 inceptis
2001 2692 2099 2757 ejus
2133 2694 2393 2758 magnificis

458 2780 630 2830 deefl'et
663 2779 1009 2837 immortalitas,
1046 2779 1213 2828 Latine
1247 2786 1297 2828 et
1333 2780 1473 2828 docte
1515 2777 1641 2827 inter
1677 2779 1770 2827 alia
1810 2779 1962 2828 multa
1997 2780 2268 2844 composuit,

655 2867 728 2917 De
752 2856 1049 2917 Excellentia
1070 2867 1217 2917 verbi
1240 2868 1344 2924 Dei,
1368 2867 1446 2916 ub.
1472 2880 1504 2915 ι.

655 2955 728 3004 Ι)6
780 2954 978 3019 Vulgari
1033 2954 1079 3004 S.
1135 2953 1406 3019 Scripturae
1455 2952 1628 3008 Phrafi,
1684 2954 1763 3001 lib.
1816 2968 1867 3001 11.
1916 2970 2118 3018 quorum
2162 2954 2292 3018 prior
2344 2956 2402 3004 de

722 3048 916 3106 peccato
950 3041 999 3090 in
1034 3039 1264 3105 Spiritum
1299 3039 1346 3088 S.
1378 3039 1505 3104 quod
1537 3039 1653 3089 alias
1685 3041 1745 3089 ad
1775 3047 1978 3089 mortem
2012 3046 2060 3089 et
2093 3039 2401 3090 irremiffibile

723 3136 906 3184 vocant,
951 3129 1165 3184 tractam
1211 3125 1438 3192 posterior
1476 3142 1589 3174 vero
1628 3126 1928 3176 difficillimos
1973 3126 2181 3193 quosque
2227 3135 2276 3178 et
2320 3130 2401 3177 ob-

722 3215 996 3265 scuriffimos
1053 3213 1295 3278 utriusque
1347 3213 1627 3264 Testamenti
1678 3213 1816 3270 locos,
1869 3214 2100 3265 hactenus
2156 3231 2185 3265 a
2240 3215 2402 3265 multis

2169 3318 2199 3351 P
