2938 3900
602 485 659 524 822
1136 474 1222 517 DE
1270 468 1728 516 SCRIPTORIBUS
1765 467 1987 511 SCOTIS.

798 600 1092 660 Quodlibeta„
1124 595 1342 647 adversus
1382 594 1660 643 D'urandum
1701 592 1760 640 de
1802 591 1858 639 iis
1900 590 1948 638 in
1991 589 2162 653 quibus
2202 606 2229 638 a
2271 591 2315 637 S.
2359 590 2538 637 Thomu

863 687 1082 738 diffentit.

801 778 870 826 De
895 775 1088 824 Unitate
1112 774 1407 826 Formarum,
1432 775 1597 817 contra
1620 766 1837 815 eundem.

799 865 870 912 De
893 860 1097 911 Materia
1119 859 1263 908 Caeli.

798 952 870 999 De
892 948 1158 998 Eternitate
1183 944 1362 994 Mundi.

799 1037 871 1086 De
894 1037 1031 1085 Motu
1054 1034 1239 1099 Angeli.

797 1126 868 1174 De
894 1122 1123 1173 Secundis
1146 1119 1505 1170 Intentionibus.

799 1212 870 1261 De
896 1210 1235 1260 Relationibus.

800 1300 871 1348 De
895 1299 1066 1347 Verbo.

604 1390 666 1437 Et
699 1388 791 1437 alia
832 1386 993 1441 multa,
1037 1400 1157 1449 quae
1195 1383 1432 1431 habentur
1475 1382 1523 1429 in
1561 1381 1788 1445 Catalogo
1830 1380 1984 1429 nostro
2024 1380 2317 1445 Scriptorum
2359 1382 2540 1430 nostrae

608 1476 786 1525 Gentis
855 1475 931 1523 Ab
971 1473 1062 1522 hac
1100 1472 1205 1520 luce
1244 1470 1465 1535 migravit
1506 1472 1570 1519 30
1616 1468 1824 1533 Augusti,
1866 1476 1990 1517 'anno
2029 1469 2210 1533 gratiae
2251 1471 2394 1523 1131,
2437 1484 2540 1532 reg-

607 1571 752 1613 nante
775 1563 824 1611 in
848 1561 1007 1611 Scotia
1027 1561 1107 1625 pio
1131 1559 1312 1608 Davide
1337 1558 1510 1606 Primo.

1104 1754 1190 1802 DE
1225 1743 1566 1802 RICHARDO
1601 1719 2027 1801 ARMACHANO.

606 1914 915 1975 lucullano&
953 1907 1341 1972 Archiepiscopus
1379 1906 1718 1962 ArmachanuS,
1755 1913 1803 1955 et
1836 1906 2012 1971 primas
2053 1905 2323 1962 Hiberniae,
2370 1924 2540 1972 cogno-

605 2005 761 2047 mento
818 1995 1096 2060 Radulphus
1151 1995 1276 2059 apud
1328 1994 1559 2058 patriotas
1607 1993 1713 2042 suos
1769 1994 1952 2050 ScotoS,
2009 1994 2246 2043 insulanos
2303 1995 2539 2051 nimirum,

602 2085 724 2150 apud
770 2084 1006 2132 Hibernos
1049 2098 1174 2138 vero,
1221 2081 1335 2129 dum
1381 2080 1446 2129 ibi
1495 2080 1896 2146 archiepiscopum
1942 2088 2117 2146 ageret,
2164 2082 2366 2139 Fizrauf,
2413 2084 2540 2147 quod

602 2175 722 2222 idem
778 2173 910 2221 sonat
965 2179 1108 2236 atque
1154 2169 1394 2234 Radulphi
1445 2169 1583 2226 filius,
1630 2167 2066 2233 cognominabatur.
2159 2170 2251 2218 Hie
2296 2170 2539 2236 postquam

601 2261 798 2325 primam
840 2258 1200 2307 adolescentiam
1246 2258 1295 2305 in
1344 2255 1502 2306 schola
1537 2255 1693 2321 patria
1737 2256 1915 2320 optime
1962 2255 2239 2313 collocaret,
2287 2258 2536 2314 Oxouium,

599 2348 883 2396 academiam
954 2354 1068 2395 tunc
1128 2344 1356 2410 temporis
1417 2344 1565 2393 totius
1626 2343 1902 2392 Britanniae
1965 2344 2105 2409 longe
2168 2345 2536 2402 celeberrimam,

600 2434 862 2483 adolescens
901 2433 1051 2498 petiit,
1097 2432 1256 2496 ibique
1302 2430 1387 2479 sub
1432 2430 1635 2495 optimis,
1675 2431 1778 2495 piis,
1819 2438 1868 2480 et
1914 2431 2113 2481 eruditis
2153 2435 2538 2498 praeceptoribus

601 2529 644 2579 (e
684 2537 883 2585 quorum
922 2535 1119 2568 numero
1159 2526 1262 2568 erat
1303 2518 1514 2567 Joannes
1552 2517 1944 2584 Baeonthorpiua
1985 2519 2058 2568 vir
2092 2521 2307 2585 apprime
2348 2523 2536 2586 doctus)

600 2610 779 2658 artibus
813 2609 1085 2657 liberalibus
1123 2622 1315 2672 operam
1354 2606 1521 2663 dedit;
1567 2606 1661 2670 qui,
1707 2614 1762 2655 ut
1812 2612 1914 2656 erat
1960 2607 2206 2673 diligentia
2250 2610 2535 2667 inexhausta,

601 2703 785 2744 tantum
829 2695 1002 2743 ibidem
1046 2695 1244 2760 profecit
1290 2702 1521 2760 quantum
1574 2693 1656 2742 illa
1711 2695 1847 2743 facile
1901 2696 2258 2746 admirabantur
2308 2705 2535 2763 tempora„

603 2782 725 2831 Hinc
769 2790 933 2831 acutus
978 2782 1263 2840 dialceticua
1306 2782 1416 2831 hinc
1456 2782 1606 2831 dulcis
1647 2783 1824 2840 rhetor,
1864 2783 1975 2833 hin'c
2018 2786 2176 2850 gravis
2219 2786 2535 2852 philosophus

601 2886 654 2919 ac
703 2871 890 2919 sanctus
943 2871 1145 2936 denique
1196 2878 1245 2920 et
1302 2870 1564 2936 profundus
1618 2870 1869 2936 theologus
1922 2871 2076 2922 evafit.
2179 2874 2269 2923 His
2318 2875 2536 2924 omnibus

602 2958 732 3013 adde,
778 2958 903 3022 quod
949 2959 996 3006 in
1042 2965 1243 3023 utroque
1280 2959 1389 3024 jure
1428 2965 1588 3007 tantos
1633 2958 1809 3008 fecerat
1853 2958 2132 3025 progreffua
2175 2968 2231 3009 ut
2275 2962 2324 3010 in
2368 2963 2534 3011 eadem

603 3045 838 3093 academia
882 3045 930 3093 in
983 3046 1223 3111 theologia
1267 3046 1402 3095 firmil
1441 3053 1496 3095 *et
1547 3046 1598 3094 in
1645 3045 1756 3110 jure
1805 3046 1889 3095 ille
1946 3047 2254 3113 praelegeret,
2297 3049 2534 3113 stequenti

604 3130 853 3178 admodum
896 3131 1130 3181 auditorio
1170 3140 1220 3181 et
1252 3133 1610 3183 candidatorum
1651 3140 1791 3182 coetu
1829 3134 2003 3183 merito
2040 3135 2357 3185 honorandus.
2448 3136 2535 3183 Vir

608 3232 700 3264 non
733 3217 872 3266 modo
905 3218 954 3266 in
987 3218 1198 3277 dicendo,
1234 3220 1312 3270 sed
1346 3227 1396 3270 et
1428 3220 1478 3268 in
1512 3220 1770 3277 scribendo,
1806 3220 1976 3270 smmi
2014 3214 2259 3279 miminis,
2285 3228 2339 3272 'et
2366 3222 2533 3287 judicii
