2938 3900
1019 426 1106 469 DE
1158 427 1616 472 SCRIPTORIBUS
1666 429 1844 472 SCOTI
1851 431 1891 473 S.
2360 437 2416 481 95

684 549 867 600 Placita
890 550 1184 617 Theologica,

685 637 1039 703 Disputationes
1062 639 1361 698 Sorbonicae,

684 726 951 777 Decifiones
974 727 1340 786 Sententiarum,
1365 735 1414 778 et

683 814 888 864 Historia
931 816 1126 881 Majoris
1176 816 1464 873 Britanniae,
1509 818 1811 883 praecipuam
1850 819 1977 883 apud
2016 818 2184 868 doctos
2236 820 2425 871 laudem

747 910 1004 953 merentur.

484 990 690 1055 Reliqua
733 990 875 1040 fufius
919 1009 949 1041 a
1005 992 1142 1042 nobis
1185 993 1299 1042 alibi
1344 993 1451 1042 sunt
1496 993 1712 1057 repetita.
1793 993 1975 1042 Claruit
2028 1011 2153 1044 anno
2209 995 2422 1046 incarna-

479 1077 622 1126 tionis
644 1077 920 1127 Dominicae
947 1081 1090 1137 1525,
1114 1087 1351 1145 regnante
1374 1081 1425 1129 in
1449 1079 1610 1129 Scotia
1629 1080 1811 1130 Jacobo
1835 1080 2030 1138 Quinto.

1036 1273 1126 1323 DE
1160 1275 1463 1325 HECTORE
1497 1276 1796 1325 ΒΟΕΤΗΙΟ.

481 1428 692 1478 ΗΕΟΤΟΒ
726 1428 991 1477 ΒοΕΤΗΙσε
1025 1428 1354 1491 Deidonanus,¹
1377 1444 1552 1494 genere
1598 1428 1780 1486 Scotus,
1815 1445 1871 1507 ac
1904 1429 2247 1479 Aberdonenfis
2280 1431 2423 1496 Gym—

478 1516 592 1566 nafii
624 1515 806 1581 primus
844 1515 1026 1574 doctor,
1072 1533 1102 1565 a
1136 1515 1291 1581 prima
1325 1516 1481 1566 statim
1521 1515 1834 1565 adolescentia
1867 1515 1918 1564 in
1950 1533 2061 1569 rure
2095 1518 2243 1567 natali
2275 1518 2424 1568 literis

478 1603 681 1653 feliciter
720 1602 947 1660 initiatus,
989 1604 1285 1668 postmodum
1317 1603 1550 1652 maturior
1585 1604 1742 1653 factus
1774 1603 2005 1668 ampliora
2039 1604 2243 1655 discendi
2275 1606 2423 1656 studio

479 1698 667 1741 exteras
718 1691 935 1756 regiones
979 1690 1130 1755 petiit.
1198 1692 1256 1738 In
1295 1691 1499 1740 Galliam
1543 1690 1702 1756 igitur,
1748 1698 1803 1739 ut
1842 1691 1987 1741 moris
2023 1693 2100 1749 est,
2137 1693 2338 1758 impiger
2376 1695 2421 1743 se

479 1779 695 1837 contulit,
737 1785 787 1828 et
826 1779 876 1827 in
917 1777 1157 1828 Parifienfi
1196 1779 1454 1828 Academia
1489 1796 1652 1828 omnes
1689 1779 1869 1844 pariter
1906 1787 2033 1830 artes
2072 1788 2121 1830 et
2160 1782 2423 1847 disciplinas

478 1866 737 1917 avidiffime
781 1866 982 1924 imbibit,
1017 1883 1190 1931 magno
1238 1866 1366 1915 enim
1410 1866 1572 1916 labore
1617 1873 1667 1916 et
1714 1867 1950 1917 continuis
1993 1869 2154 1918 studiis
2198 1870 2248 1918 in
2292 1872 2421 1920 omni

478 1956 577 2004 fere
622 1955 868 2004 doetrinae
911 1971 1087 2020 genere
1132 1955 1286 2003 clarus
1331 1954 1536 2003 emicuit.
1605 1955 1723 2004 Erat
1769 1955 1820 2004 in
1864 1956 1993 2004 omni
2036 1957 2329 2023 philosophia
2372 1966 2421 2007 et

479 2042 720 2108 theologia
758 2041 1027 2091 scholastica
1066 2042 1279 2107 apprime
1326 2041 1573 2091 eruditus:
1626 2050 1822 2107 propter
1853 2044 2217 2094 reconditiorem
2259 2062 2420 2095 rerum

484 2131 750 2179 divinarum
795 2130 1076 2187 dofi‘crinam,
1122 2129 1390 2195 theologiae
1434 2129 1599 2194 primis
1644 2129 1901 2195 infignibus
1944 2131 2115 2181 merito
2160 2132 2418 2190 decoratus,

478 2236 533 2268 ac
571 2217 804 2283 politioris
842 2218 1131 2275 literaturae,
1166 2217 1550 2282 reliquarumque
1584 2217 1884 2268 scientiarum
1923 2219 2148 2276 omnium,
2191 2237 2311 2284 quae
2350 2221 2420 2269 in—

478 2323 634 2373 genuo
662 2305 855 2355 homine
892 2306 1062 2371 dignae
1099 2305 1359 2362 censentur,
1394 2305 1464 2354 ita
1495 2306 1718 2363 imbutus,
1750 2313 1805 2355 ut
1837 2306 2072 2371 principes
2107 2307 2216 2356 suae
2252 2309 2420 2357 aetatis

478 2395 604 2444 viros
648 2394 725 2443 vel
770 2394 949 2451 vicerit,
989 2394 1065 2442 vel
1109 2393 1245 2442 facile
1291 2392 1484 2456 quidem
1522 2393 1812 2458 adaequarit.
1881 2394 1939 2441 In
1978 2394 2143 2442 eadem
2181 2395 2421 2444 academia

479 2481 643 2531 multis
664 2481 800 2530 annis
829 2481 1017 2546 publice
1045 2481 1361 2546 privatimque
1384 2480 1573 2529 docuit:
1597 2481 1723 2530 inter
1745 2481 2026 2531 Sorbonicos
2060 2481 2278 2530 doctores
2311 2498 2419 2531 cum

478 2568 700 2633 {iugulari
746 2568 886 2617 laude
931 2568 1197 2625 industriae,
1255 2575 1305 2617 et
1350 2568 1643 2632 prudentiae,
1688 2574 1833 2633 atque
1878 2568 2174 2632 eloquentiae
2214 2569 2418 2626 claruit3

480 2672 634 2720 neque
670 2655 821 2704 solum
860 2655 1036 2704 artium
1082 2655 1350 2704 liberalium
1389 2654 1671 2720 cognitione,
1710 2652 1850 2719 supra
1894 2671 2037 2719 quam
2080 2655 2162 2705 illa
2205 2657 2420 2706 ferebant

478 2750 708 2807 tempora,
737 2741 938 2807 infignis,
974 2742 1054 2791 sed
1089 2743 1386 2792 humanitate
1422 2748 1472 2791 et
1508 2742 1731 2791 comitate
1767 2741 1985 2807 fingulari
2023 2743 2265 2807 praeditus
2303 2752 2418 2793 erat.

480 2831 602 2879 Cum.
658 2829 742 2879 isto
798 2828 1081 2879 Parifiorum
1137 2829 1354 2878 Lutetiae
1409 2846 1506 2879 non
1538 2829 1864 2893 ‘injucundam
1919 2828 1965 2878 se
2037 2830 2419 2880 consuetudinem

478 2915 688 2985 habuifl'e
747 2916 927 2965 fatetur
981 2916 1248 2966 Defiderius
1304 2916 1525 2966 Erasmus
1581 2916 1929 2965 Roterodamus
1974 2915 2025 2964 in
2070 2917 2263 2981 epistola
2307 2934 2420 2982 qua-

481 3005 603 3060 dam,
650 3020 798 3069 quum
836 3003 932 3053 illic
976 3004 1027 3052 in
1065 3004 1313 3053 literarum
1347 3003 1493 3052 stadio
1527 3018 1652 3052 anno
1686 3008 1851 3067 partus
1884 3002 2085 3068 virginei
2134 3003 2262 3054 1497
2297 3006 2421 3070 pari-

478 3099 555 3141 ter
611 3097 869 3148 currerent,
914 3090 1288 3156 singularemque
1344 3090 1395 3138 in
1450 3105 1507 3140 eo
1562 3089 1740 3154 ingenii
1784 3089 2062 3139 felicitatem
2106 3090 2326 3156 agnoscit,
2372 3100 2420 3142 et

479 3178 749 3229 facundiam
785 3178 880 3228 oris
919 3178 1236 3228 commendat.
1316 3176 1455 3226 Unde
1498 3177 1560 3226 ad
1603 3177 1738 3226 illum
1783 3177 2004 3227 Erasmus
2048 3178 2206 3242 postea
2228 3178 2421 3244 *scripfit

480 3267 765 3330 postremum
819 3267 1010 3317 suarum
1065 3264 1447 3316 lucubrationum
1491 3264 1784 3331 catalogum,
1830 3271 1885 3314 ut
1931 3266 1992 3315 ad
2036 3271 2277 3316 recentem
2325 3266 2421 3331 ipse
