2938 3900
559 451 618 504 78
1098 449 1184 492 DE
1230 447 1687 493 SCRIPTORIBUS
1732 447 1955 491 SCOTIS.

563 574 717 624 nostro
761 575 820 624 de
862 574 1178 639 Scriptoribus
1222 572 1402 621 nostrae
1446 571 1626 627 Gentis,
1666 579 1830 636 aperte
1869 579 1918 619 et
1956 571 2165 627 candide,
2206 571 2311 619 luce
2356 571 2495 619 meri-

563 662 703 712 diana
741 662 923 718 clarius,
963 661 1089 709 haud
1129 658 1380 708 difficulter
1417 657 1846 707 demonstrabimus.
1916 666 1943 686 “
1962 658 2102 707 Hunc
2136 659 2386 723 puellum‚”
2429 659 2496 707 ita

563 750 689 799 enim
734 749 943 814 loquitur
984 749 1192 796 Joannes
1229 745 1382 810 Major
1420 745 1469 793 in
1508 744 1588 794 lib.
1629 760 1699 794 1v.
1743 753 1794 794 et
1837 762 1938 810 cap.
1985 760 2094 795 XVI.
2139 747 2199 796 de
2245 747 2494 796 Scotorum

563 837 725 893 Gestis,
774 845 800 864 ‘⁴
817 836 865 884 in
903 834 1222 901 grammaticis
1265 833 1504 882 initiatum
1548 831 1610 881 ad
1656 832 1890 880 Oxoniam
1930 832 2026 880 duo
2073 832 2246 882 fratres
2288 833 2498 881 Minores

565 924 694 973 Scoti
739 923 989 978 duxerunt,
1030 921 1142 985 quia
1184 927 1397 984 tempore
1442 918 1525 967 illo
1571 919 1620 967 in
1665 919 1826 968 Scotia
1869 919 2000 968 nulla
2043 927 2147 969 erat
2191 911 2494 974 universitas;

564 1018 613 1059 et
663 1011 711 1059 in
766 1010 1004 1059 Minorum
1050 1014 1285 1057 conventu
1337 1006 1486 1072 gratis
1541 1006 1731 1082 istorum
1777 1006 1979 1055 duorum
2033 1007 2234 1055 fratrum
2285 1007 2497 1056 Oxoniae

564 1097 861 1147 conversatus
904 1096 1030 1145 beati
1082 1094 1315 1144 Francisci
1360 1093 1638 1159 religionem
1683 1092 1909 1158 profeffus
1953 1093 2018 1142 est
2041 1097 2079 1150 ;”
2125 1101 2175 1142 et
2213 1094 2389 1143 ibidem
2435 1095 2500 1143 est

566 1191 758 1234 vocatus
790 1200 819 1232 a
855 1182 1079 1232 fratribus
1112 1182 1173 1231 ad
1205 1181 1471 1246 theologiae
1505 1179 1843 1246 profeffionem.
1930 1180 2008 1230 Sic
2041 1180 2255 1230 Oxoniae
2288 1182 2499 1246 profecit,

566 1279 620 1319 ut
674 1271 724 1319 in
778 1268 1094 1335 metaphysica
1145 1276 1194 1318 et
1245 1269 1296 1316 in
1348 1275 1552 1333 quatuor
1597 1268 1949 1317 Sententiarum
2003 1268 2149 1317 libros
2193 1276 2502 1318 monumenta

566 1359 769 1407 lectione
801 1358 943 1421 digna
975 1356 1167 1422 posteris
1200 1355 1458 1420 reliquerit,
1490 1356 1617 1420 quod
1649 1355 1874 1420 scriptum
1907 1372 2025 1421 opus
2059 1356 2374 1420 Anglicanum
2407 1355 2501 1404 five

568 1444 829 1493 Oxoniense
863 1444 1004 1508 vulgo
1042 1443 1227 1491 dicitur.
1296 1442 1461 1491 Postea
1499 1459 1528 1491 a
1567 1444 1792 1494 fratribus
1834 1444 2135 1494 Minoritanis
2173 1443 2502 1494 Parifienfibus

570 1539 773 1588 vocatus,
814 1533 874 1580 ab
910 1530 1087 1579 ordinis
1120 1529 1329 1595 generali
1368 1528 1601 1579 Gonsalvo
1647 1531 1838 1580 Tolosae
1877 1532 1927 1579 in
1971 1531 2179 1596 capitulo
2227 1532 2505 1582 constitutus

571 1635 740 1684 regens
795 1618 874 1667 seu
931 1615 1154 1682 profess'or
1209 1615 1470 1665 Parifienlis
1504 1634 1516 1674 ;
1574 1618 1655 1666 ubi
1709 1619 1768 1667 de
1822 1635 1945 1667 novo
1998 1619 2265 1683 theologiae
2318 1618 2503 1668 cursum

571 1707 742 1760 docuit,
787 1713 931 1769 atque
976 1705 1150 1752 ibidem
1195 1702 1428 1752 lesturam
1473 1703 1615 1752 aliam
1660 1705 1708 1753 in
1756 1705 2036 1762 Sententias,
2083 1706 2242 1770 priore
2292 1714 2505 1756 contrac-

571 1796 739 1844 tiorem
785 1801 834 1842 et
873 1793 1023 1857 magis
1060 1791 1346 1856 frugiferam,
1387 1791 1546 1839 edidit.
1637 1793 1797 1841 Tertio
1839 1794 2033 1843 tandem
2073 1794 2296 1843 Coloniae
2335 1795 2506 1860 Agrip-

572 1884 708 1947 pinae
744 1882 869 1931 idem
907 1879 1136 1946 praestitit
1174 1879 1437 1928 incredibili
1476 1896 1586 1928 cum
1623 1881 1894 1930 auditorum
1937 1881 2176 1947 applausu,
2215 1882 2504 1947 theologiam

572 1970 794 2035 liquidem
839 1968 1154 2018 scholasticam
1197 1967 1360 2016 multis
1403 1967 1740 2018 subtilitatibus
1792 1968 2031 2034 exquisitis
2074 1969 2221 2019 auxit.
2323 1969 2411 2018 Vir
2455 1971 2505 2019 in

574 2058 742 2106 divinis
778 2057 1034 2122 Scripturis
1073 2055 1298 2104 studiosus
1333 2062 1382 2104 et
1424 2055 1648 2111 erudituS‚
1690 2062 1738 2104 et
1785 2056 1835 2104 in
1879 2055 2172 2121 philosophia
2211 2056 2507 2106 Aristotelica

574 2144 872 2201 dofflffimus,
904 2151 1047 2208 atque
1085 2144 1203 2192 adeo
1236 2143 1509 2207 profundus,
1544 2151 1598 2191 ut
1635 2144 1736 2208 ejus
1768 2143 1941 2208 scripta
1973 2144 2136 2208 paucis
2168 2142 2256 2192 fint
2289 2152 2507 2208 penetra-

576 2234 699 2289 bilia,
730 2240 779 2281 et
810 2234 871 2281 ob
910 2233 959 2280 id
993 2249 1180 2296 quoque
1210 2232 1367 2280 minus
1403 2230 1582 2280 ufitata.
1645 2231 1825 2279 Ferunt
1858 2230 1994 2279 illum
2026 2231 2151 2279 diem
2187 2230 2426 2296 integrum
2458 2239 2506 2280 et

575 2319 775 2384 amplius
819 2317 977 2367 sediffe
1018 2318 1176 2383 sopitis
1213 2317 1426 2366 fenfibus.
1516 2318 1610 2375 Qui
1646 2325 1806 2366 autem
1840 2317 2121 2381 quaestionis
2156 2318 2354 2383 alicujus
2397 2319 2506 2366 inti-

575 2423 701 2455 mam
740 2406 972 2455 rationem
1005 2406 1067 2454 ad
1103 2406 1262 2453 vivum
1299 2404 1510 2454 resecant
1542 2421 1598 2453 ac
1631 2404 1846 2453 subtilius
1880 2404 2246 2468 perscrutantur,
2284 2405 2506 2454 Scotissae

575 2494 754 2542 summa
788 2493 910 2542 tanti
949 2491 1125 2557 ingenii
1160 2492 1299 2540 laude
1336 2497 1599 2548 vocantur;
1639 2491 1765 2556 quasi
1800 2492 1919 2540 nihil
1958 2491 2014 2540 fit
2054 2492 2104 2540 in
2142 2499 2278 2542 tanta
2310 2493 2508 2543 difficul-

578 2589 678 2629 tate
734 2579 1054 2643 interseptum,
1110 2586 1194 2627 aut
1248 2585 1349 2626 tam
1402 2577 1543 2626 densa
1600 2579 1798 2644 caligine
1859 2579 2137 2637 involutum,
2194 2581 2320 2645 quod
2378 2582 2507 2631 Scoti

577 2668 816 2732 ingenium
861 2683 955 2715 non
1002 2673 1222 2731 potuerat
1272 2666 1461 2730 penitus
1511 2666 1735 2730 inspicere
1783 2683 1838 2716 ac
1889 2667 2015 2716 clare
2062 2667 2258 2732 aperire.
2327 2668 2508 2717 Verum

577 2754 816 2803 enimvero
851 2753 1230 2818 quandoquidem
1269 2753 1410 2818 hujus
1449 2754 1534 2801 viri
1576 2753 1841 2802 encomium
1879 2754 2057 2803 mundo
2095 2754 2374 2819 patefacere,
2412 2771 2507 2803 non

580 2842 708 2891 aliud
741 2840 854 2891 effet
893 2858 1034 2906 quam
1075 2841 1157 2890 soli
1197 2841 1350 2889 lucem
1387 2841 1642 2897 foenerare,
1682 2839 1802 2890 ficco
1837 2849 2026 2891 tantum
2070 2842 2191 2906 pede
2225 2843 2325 2907 ejus
2365 2858 2509 2907 opera

579 2929 969 2994 pertransibimus
1014 2944 1246 2977 memores
1290 2928 1405 2977 alias
1450 2929 1584 2977 nobis
1626 2930 1744 2978 haec
1786 2929 1928 2979 fufius
1966 2937 2015 2979 et
2054 2930 2239 2994 plenius
2283 2930 2506 2980 enarrari.

580 3017 767 3081 Scripfit

776 3103 929 3167 Super
953 3103 1232 3159 Sententias,
1255 3103 1335 3151 lib.
1360 3117 1429 3151 Π.

775 3190 833 3238 In
854 3189 1215 3254 Metaphyficam
1237 3190 1551 3247 Quaestiones,
1575 3189 1654 3238 lib.
1678 3203 1769 3238 ΧΠ.

784 3275 838 3322 ln
862 3274 1121 3324 Aristotelis
1142 3274 1347 3339 Phylica,
1370 3275 1449 3325 lib.
1472 3289 1586 3325 vm.
