2938 3900
860 429 946 470 DE
995 429 1449 471 SCRIPTORIBUS
1495 431 1716 474 SCOTIS.
2198 444 2253 494 27

336 555 462 603 enim
502 553 662 602 studiis
702 554 808 617 plus
852 553 1030 617 aliquid
1067 570 1209 617 quam
1255 554 1447 617 vulgare
1486 556 1536 602 in
1577 571 1633 604 eo
1673 558 1924 620 apparuit;
1970 559 2018 606 in
2063 568 2260 625 utroque

327 642 448 705 jure,
507 640 731 689 canonico
787 647 835 689 et
887 641 1025 696 civili,
1081 657 1273 705 operam
1326 642 1563 707 egregiam
1620 644 1804 693 Parisiis
1857 648 2057 695 navavit.
2155 650 2260 697 Post

334 728 434 791 ejus
467 728 674 776 reditum
714 728 763 775 in
803 728 1019 792 patriam,
1058 745 1145 792 pro
1184 728 1323 793 ipfius
1361 729 1524 795 infigni
1564 731 1827 781 eruditione
1868 741 1916 784 et
1952 734 2130 784 summa
2168 738 2263 799 pie-

334 823 433 864 tate
479 817 540 865 ad
585 833 756 864 munus
811 816 1102 881 episcopatus
1157 817 1498 866 Aberdonenfis
1549 818 1769 867 consensu
1820 822 2030 871 omnium
2075 825 2262 872 canoni-

334 920 497 951 corum
536 904 660 951 illius
697 904 925 960 eccleliae‚
964 912 1157 953 vocatus
1192 904 1281 953 fuit
1308 923 1318 960 ;
1362 903 1411 952 in
1451 922 1544 970 quo
1590 922 1783 954 munere
1831 907 1899 955 ita
1938 909 1983 957 se
2022 909 2166 974 gessit,
2209 919 2261 958 ut

334 1009 505 1041 nomen
565 993 743 1056 optimi,
796 993 941 1041 immo
987 991 1234 1041 doctiffimi
1292 999 1341 1040 et
1390 991 1574 1056 piiffimi
1631 993 1842 1057 episcopi,
1904 996 2016 1044 dum
2070 998 2260 1053 viveret,

333 1081 458 1143 apud
495 1096 658 1128 omnes
697 1079 970 1130 consecutus
1008 1080 1074 1128 fit.
1146 1080 1461 1128 Humanior-es
1499 1088 1638 1137 artes,
1680 1098 1796 1146 quas
1831 1084 2008 1147 optime
2044 1085 2259 1140 callebat,

332 1184 440 1215 cum
479 1168 731 1232 theologia,
772 1167 1072 1216 scientiarum
1111 1167 1312 1222 domina,
1353 1166 1607 1216 convinxit.
1691 1168 1894 1232 Jamque
1936 1171 1996 1218 ad
2042 1188 2097 1219 ea
2142 1189 2260 1235 quae

331 1256 614 1319 posteritatis
640 1255 848 1310 utilitati,
876 1255 984 1304 suae
1011 1256 1163 1304 famae
1194 1254 1539 1303 immortalitati
1561 1256 1815 1311 consulens,
1846 1257 1894 1303 in
1923 1257 2076 1307 lucem
2100 1259 2259 1314 emifit,

332 1343 599 1391 veniamus:

531 1431 588 1477 In
640 1429 825 1478 sextum
875 1430 1210 1484 Decretalium,
1261 1436 1311 1476 et
1363 1428 1694 1486 clementinas,
1740 1439 1954 1480 acuratas
2006 1439 2054 1480 et
2099 1433 2260 1496 dignas

597 1517 945 1567 Enarrationes.

531 1606 884 1655 Commentaria
906 1607 1036 1655 varia
1059 1607 1107 1654 in
1131 1605 1283 1654 varias
1306 1603 1633 1667 Apostolorum
1656 1604 1893 1668 Epistolas.

532 1693 783 1742 Sermones
805 1694 971 1742 varios.

332 1781 513 1829 Extant
554 1780 750 1836 codices,
791 1781 881 1828 viri
921 1780 1193 1845 diligentiae
1227 1777 1404 1826 indices
1437 1777 1488 1825 in
1522 1793 1574 1825 re
1611 1778 1846 1835 literaria3
1893 1786 1940 1826 et
1979 1779 2129 1827 multa
2167 1780 2259 1827 alia

329 1875 600 1932 temporum
640 1868 947 1933 malignitate,
989 1884 1098 1915 cum
1138 1866 1282 1931 Angli
1325 1865 1623 1914 Aberdoniae
1662 1865 1819 1914 omnia
1867 1866 1965 1914 fere
2010 1866 2259 1915 doctorum

332 1955 503 2020 scripta.
558 1958 904 2011 comburerent,
952 1955 1208 2020 perierunt,
1252 1961 1307 2002 ut
1346 1952 1575 2000 testantur
1630 1952 1857 2001 Boethius
1901 1960 1950 2001 et
1995 1953 2258 2002 Chronicon

331 2043 576 2092 Sconense.
669 2044 888 2092 Mortuus
950 2059 1075 2091 anno
1126 2042 1251 2108 regis
1301 2042 1335 2089 J
1335 2039 1470 2088 acobi
1521 2039 1724 2089 Secundi
1773 2039 1990 2105 vigefimo
2044 2040 2256 2097 secundo,

333 2131 502 2179 Christi
525 2147 638 2180 vero
665 2131 860 2195 [1458]

918 2326 1005 2374 DE
1039 2325 1391 2374 BALDREDO
1426 2325 1686 2374 BISSAIT.

332 2481 644 2528 BALDREDUS
685 2480 903 2534 ΒΙΒΒΑΙΤ,
941 2478 990 2526 in
1024 2494 1140 2542 agro
1170 2475 1429 2526 Stirlinenfi
1459 2483 1610 2533 natuS,
1642 2492 1701 2525 ex
1732 2475 1925 2540 antiqua
1963 2474 2259 2525 Biffaitormn

332 2567 510 2615 familia
544 2567 784 2622 oriundus,
819 2583 880 2615 ex
916 2583 1011 2630 qua
1043 2564 1221 2614 familia
1255 2564 1447 2629 plurimi
1481 2563 1570 2611 viri
1604 2562 1779 2628 egregii
1808 2562 1858 2611 in
1887 2563 2031 2611 armis
2061 2563 2259 2613 floruere

332 2655 599 2719 aliquando,
634 2654 840 2703 maxime
877 2670 990 2702 vero
1023 2659 1237 2716 tempore
1271 2650 1470 2700 Roberti
1504 2649 1667 2698 Brufii.
1735 2649 1827 2698 Hic
1860 2666 1888 2698 a
1920 2650 2095 2699 teneris
2129 2652 2261 2699 annis

332 2742 541 2790 nutritus
586 2742 636 2789 in
674 2741 832 2789 schola
877 2738 1150 2795 Stirlinenfi,
1197 2739 1247 2786 in
1289 2754 1382 2803 qua
1420 2737 1677 2802 plurimum
1722 2736 1772 2784 in
1817 2735 2059 2785 literarum
2103 2736 2259 2784 studiis

332 2828 567 2892 profecit;
610 2844 719 2875 cum
758 2833 919 2875 autem
959 2826 1021 2875 ad
1060 2824 1368 2874 maturiorem
1407 2831 1612 2874 aetatem
1651 2821 1942 2888 pervenifl'et,
1981 2824 2042 2871 ad
2082 2824 2259 2872 Acade-

333 2917 478 2966 miam
518 2915 821 2964 Andreanam
861 2913 930 2963 est
972 2913 1226 2978 profectus,
1272 2912 1354 2961 ubi
1393 2911 1580 2961 cursum
1622 2910 1991 2975 philosophicum
2033 2910 2257 2975 perfecit;

334 3004 504 3053 deinde
549 3004 600 3052 in
645 3002 823 3052 Gallias
868 3001 1122 3066 profectus,
1168 2999 1250 3048 ubi
1294 2998 1474 3063 majora
1518 3005 1567 3046 et
1612 2997 1808 3046 meliora
1853 2995 2027 3044 didicit.
2096 2997 2259 3045 Postea

334 3092 544 3140 breviter
566 3092 616 3140 in
637 3090 841 3155 patriam
863 3088 1017 3144 rediit,
1040 3087 1123 3135 ubi
1147 3085 1388 3150 scripserat

533 3180 634 3228 Lib.
658 3193 694 3226 1.
716 3179 773 3226 de
795 3177 828 3225 J
829 3193 913 3225 ure
938 3175 1082 3240 Regis
1105 3172 1304 3223 Roberti
1326 3178 1492 3222 contra
1511 3172 1544 3219 J
1546 3186 1745 3219 oannem
1767 3169 2030 3218 Balliolum.
