2938 3900
569 446 624 485 44
1090 442 1175 485 DE
1226 440 1681 487 SCRIPTORIBUS
1731 440 1954 483 SCOTIS.

1199 671 1287 720 DE
1319 670 1519 720 GILDA
1553 670 1850 719 ALBANIO.

567 828 759 874 Cannas
792 826 1065 880 ALBAMUS,
1102 823 1356 879 historicus,
1388 822 1581 871 Patricii
1622 822 1945 872 Hiber-norum
1981 824 2190 889 Apostoli
2228 825 2492 890 discipulus,

566 930 625 960 ex
652 912 854 961 Albania
882 911 1069 960 Scotiae
1098 910 1339 975 provincia
1364 910 1601 966 oriundus
1633 926 1693 958 ex
1721 910 1853 975 regio
1882 910 2028 960 etiam
2056 912 2298 961 stemmate
2327 912 2492 967 clarus,

566 999 814 1063 disciplinis
856 997 1127 1047 liberalibus
1176 998 1425 1046 affluenter
1474 997 1728 1047 instructus
1776 998 1902 1047 inter
1951 999 2207 1049 monachos
2251 1000 2301 1048 in
2345 999 2494 1049 insula

566 1087 622 1133 de
666 1085 914 1141 Columkil,
959 1085 1041 1134 ubi
1084 1092 1199 1134 tunc
1242 1085 1373 1149 regia
1418 1083 1548 1133 sedes
1600 1086 1851 1135 Scotorum
1894 1087 2091 1143 fuerat3
2147 1088 2220 1136 vir
2263 1089 2494 1137 bonarum

566 1173 807 1221 literarum
845 1172 1022 1220 summe
1057 1172 1266 1235 cupidus,
1312 1178 1361 1220 et
1405 1172 1487 1236 qui
1531 1172 1581 1220 in
1624 1174 1785 1223 studiis
1828 1191 1925 1223 non
1969 1175 2338 1224 contemnendos
2382 1176 2494 1225 fecit

565 1258 834 1324 progressus,
865 1259 942 1308 sed
971 1259 1020 1307 in
1051 1259 1227 1324 pietate
1257 1259 1408 1308 multo
1437 1260 1638 1324 majores
1661 1279 1673 1319 ;
1720 1263 1982 1311 laudandus
2011 1262 2156 1312 etiam
2195 1265 2257 1312 ob
2297 1264 2496 1313 virtutes

566 1346 827 1410 singulares,
863 1346 987 1394 vitae
1017 1345 1371 1410 simplicitatem,
1404 1362 1592 1395 morum
1622 1350 1875 1398 candorem
1905 1356 1954 1398 et
1983 1350 2319 1415 integritatem.
2389 1351 2497 1400 Post

564 1433 743 1496 patriae
778 1433 992 1488 scholam,
1026 1433 1088 1482 ad
1117 1432 1244 1497 spem
1277 1433 1508 1482 uberioris
1538 1434 1792 1491 doctrinae,
1823 1436 1978 1484 adhuc
2008 1435 2275 1485 adolescens
2304 1436 2355 1484 in
2385 1437 2495 1486 Gal-

567 1520 676 1567 liam
720 1520 1054 1576 transfretavit,
1099 1536 1185 1568 nec
1229 1519 1392 1568 multis
1435 1521 1535 1584 post
1585 1523 1846 1587 interjefstis
1895 1523 2043 1579 anniS‚
2090 1523 2139 1571 in
2183 1524 2388 1588 patriam
2431 1526 2496 1574 est

567 1606 786 1663 reversus,
818 1623 875 1655 eo
910 1607 1099 1671 negotio
1129 1606 1361 1670 expedito,
1399 1607 1471 1656 vir
1505 1608 1742 1672 apostolici
1775 1608 1964 1664 ordinis,
1998 1608 2206 1658 maximo
2239 1626 2347 1658 cum
2381 1611 2496 1660 bon-

566 1710 699 1740 orum
730 1693 916 1757 gaudio,
950 1700 999 1742 et
1032 1691 1430 1742 selthiffimorum
1464 1694 1694 1744 librorum
1729 1695 2031 1760 supellectile.
2100 1697 2279 1746 Tantae
2315 1696 2491 1747 scilicet

565 1780 839 1828 eruditionis
876 1787 925 1828 et
966 1780 1154 1828 virtutis
1191 1780 1293 1837 fuit,
1334 1797 1442 1829 cum
1482 1782 1532 1830 in
1571 1782 1749 1838 Galliis,
1789 1789 1894 1831 tum
1932 1782 1983 1831 in
2020 1783 2187 1847 patria,
2229 1790 2283 1832 ut
2322 1801 2495 1834 nomen

564 1866 798 1936 apostolici
848 1867 1023 1916 ordinis
1077 1868 1275 1931 adeptus
1333 1867 1400 1923 fit,
1452 1870 1578 1919 unde
1631 1870 1693 1918 ad
1736 1869 1871 1918 illum
1924 1877 2154 1934 tanquam
2202 1871 2264 1920 ad
2319 1888 2495 1921 novum

563 1954 817 2017 apostolum
862 1971 921 2003 ex
966 1955 1182 2004 omnibus
1234 1955 1509 2005 Britanniae
1560 1957 1822 2006 confinibus
1871 1958 2185 2014 confluebant,
2232 1964 2287 2006 ut
2331 1959 2392 2007 ab
2438 1974 2494 2008 eo

562 2057 746 2089 morum
783 2043 1062 2106 gravitatem
1103 2049 1153 2091 et
1190 2042 1429 2107 religionis
1466 2043 1792 2102 sinceritatem,
1834 2044 1968 2093 fimul
2006 2061 2116 2095 cum
2155 2045 2290 2094 bonis
2330 2046 2490 2101 literis,

563 2126 884 2178 addiscerent:
930 2137 1032 2178 erat
1076 2131 1252 2178 etenim
1299 2148 1395 2179 non
1440 2132 1588 2180 solum
1632 2131 1957 2197 philosophiae
2004 2132 2309 2197 omniumque
2354 2134 2494 2183 liber-
2593 2148 2595 2151 ’

562 2216 706 2263 alium
749 2216 923 2264 artium
966 2216 1276 2280 peritisfimus,
1335 2234 1499 2266 verum
1547 2219 1691 2267 etiam
1735 2218 1785 2266 in
1835 2219 1999 2267 Veteri
2053 2219 2282 2284 Novoque
2342 2220 2494 2269 Testa-

563 2310 723 2350 mento
758 2302 1096 2351 versatiffimus.
1164 2303 1442 2352 Eruditione
1473 2305 1555 2354 sua
1592 2305 1770 2368 optime
1806 2304 1915 2353 usus
1952 2305 2054 2362 est;
2097 2306 2215 2354 nulli
2253 2306 2493 2355 scientiam

563 2389 692 2437 suam
750 2389 973 2446 invidens,
1026 2390 1201 2439 multos
1256 2391 1507 2455 diligenter
1560 2391 1720 2440 docuit
1779 2408 1901 2456 quae
1966 2392 2193 2441 laboriose
2250 2393 2490 2457 didicerat.

565 2476 723 2524 Eremi
762 2476 967 2526 solitaria
1006 2479 1263 2542 quaerebat
1300 2478 1415 2534 loca,
1457 2479 1507 2527 in
1546 2478 1838 2527 orationibus
1874 2485 2018 2542 atque
2046 2479 2238 2544 jejuniis
2276 2478 2491 2535 affiduus,

564 2563 733 2627 vigiliis
761 2570 809 2612 et
838 2564 1001 2613 ciliciis
1032 2565 1242 2628 quotidie
1267 2567 1535 2614 macerebat
1565 2564 1624 2613 se.
1679 2564 1860 2628 Spiritu
1890 2565 2035 2613 etiam
2069 2566 2345 2630 prophetico
2372 2567 2493 2615 mul-

563 2658 636 2698 tas
670 2651 904 2714 praedixit
941 2652 1131 2701 clades:
1172 2652 1470 2716 praemonuit
1508 2658 1564 2701 ut
1602 2652 1804 2716 populus
1841 2659 1891 2701 et
1930 2653 2084 2701 clerus
2122 2653 2270 2702 totius
2305 2654 2493 2704 Britan-

564 2737 681 2793 niae,
725 2737 761 2784 fi
806 2738 1218 2802 supereventuram
1255 2740 1435 2789 cladem
1474 2741 1679 2804 effligere
1724 2739 1884 2795 velint,
1929 2756 2073 2804 quam
2119 2739 2330 2790 citiffime
2374 2742 2492 2792 reci-

563 2822 820 2886 piscerent:
855 2826 981 2889 quod
1018 2825 1100 2874 suo
1131 2833 1345 2890 tempore
1383 2834 1578 2891 propter
1615 2833 1938 2891 contemptum
1971 2827 2103 2877 verbi
2136 2828 2283 2877 divini
2319 2830 2488 2879 evenit.

565 2909 706 2959 Varia
737 2918 848 2960 ante
878 2912 1002 2961 vitae
1032 2913 1176 2961 finem
1209 2912 1395 2977 scripsit,
1426 2929 1548 2977 quae
1583 2929 1644 2962 ex
1677 2913 1927 2963 do&corum
1954 2915 2163 2964 virorum
2194 2915 2490 2965 bibliothecis

563 2996 761 3047 colle&
785 2998 990 3055 fuerunt,
1013 3015 1074 3047 ex
1101 2999 1272 3064 quibus
1298 3000 1524 3050 nonnulla
1550 2999 1686 3049 MSS.
1707 3000 1881 3050 servari
1910 3002 2133 3052 dicuntur
2158 3002 2489 3066 Cantabrigiae

564 3083 611 3129 in
633 3084 820 3146 publica.
839 3085 1105 3135 academiae
1127 3086 1425 3137 bibliotheca.
1494 3087 1709 3153 Utroque
1730 3087 1962 3139 scribendi
1982 3106 2156 3155 genere
2179 3088 2436 3144 contexuit,

756 3171 1120 3222 Concordantias
1141 3173 1191 3222 in
1212 3181 1416 3239 quatuor
1437 3174 1707 3240 Evangelia,
1729 3175 1809 3226 lib.
1833 3189 1904 3226 lv.

756 3256 829 3305 De
850 3256 1014 3321 primis
1034 3258 1205 3309 Incolis
1226 3259 1423 3317 Insulae,
1444 3260 1525 3310 lib.
1549 3275 1582 3310 1.
