2938 3900
989 439 1075 481 DE
1128 439 1586 483 SCRIPTORIBUS
1639 441 1865 485 SCOTIS.
2336 450 2393 493 99

444 566 671 620 Scoticae,
707 565 768 612 ab
811 563 1018 612 Hectore
1059 564 1275 621 Boethio,
1312 565 1414 613 viro
1455 564 1759 623 disertiffimo,
1796 566 1847 614 in
1886 565 2202 631 septendecim
2246 569 2390 619 libros

446 653 628 719 copiose
674 652 910 717 digestam,
958 651 1035 700 cui
1076 660 1268 702 centum
1307 669 1539 702 annorum
1588 653 1857 703 austarium
1896 653 2091 711 addidit,
2139 671 2169 705 a
2212 654 2391 706 Jacobo

447 741 665 791 Secundo
688 742 820 789 1436
839 739 988 804 'usque
1012 741 1073 789 ad
1095 757 1272 789 annum
1299 743 1440 798 1536,
1464 740 1514 789 in
1537 757 1632 806 quo
1655 740 1751 805 ipse
1774 741 1948 791 floruit.
2019 741 2210 808 Scripfit
2231 743 2377 808 igitur

642 827 1062 893 Cosmographiam
1084 828 1242 878 dictae
1268 828 1511 886 Historiae,
1535 829 1615 879 lib.
1640 844 1672 878 1.

645 917 877 966 Albaniae
901 915 1286 980 Descriptionem,
1311 917 1391 965 lib.
1417 932 1448 965 1.

645 1005 722 1054 Ad
743 1005 979 1054 «Iacobum
1002 1004 1235 1061 Quintum
1250 1005 1432 1070 Regem
1455 1004 1595 1068 Epist.

647 1093 801 1157 Super
823 1093 983 1142 Litera
1005 1091 1318 1157 Pythagorae,
1342 1093 1422 1142 lib.
1449 1106 1481 1139 1.

644 1180 717 1229 De
740 1179 931 1229 Virtute
955 1185 1005 1227 et
1028 1178 1299 1243 Voluptate,
1322 1180 1402 1228 lib.
1427 1194 1459 1228 1.

645 1267 799 1332 Super
822 1266 1027 1331 quodam
1051 1266 1259 1322 Somni0‚
1278 1267 1358 1316 lib
1382 1282 1412 1314 1.

645 1353 824 1403 Diverfi
846 1353 1035 1418 generis
1057 1353 1291 1409 Carmina,
1315 1353 1395 1402 lib.
1420 1367 1452 1400 1.

445 1443 508 1492 Et
542 1442 635 1491 alia
667 1441 873 1506 plurima
906 1438 1096 1489 edidifl'e
1129 1440 1420 1504 perhibetur,
1456 1440 1694 1496 nimirum,
1730 1439 1868 1504 super
1904 1390 1949 1489 S.
1993 1440 2238 1505 Scriptura
2276 1442 2388 1492 Lec-

442 1531 607 1586 tiones,
665 1535 752 1578 etc.
839 1528 1021 1577 Romae
1077 1527 1273 1576 tandem
1330 1525 1489 1576 obiifl’e
1545 1528 1698 1577 fertur
1753 1528 1940 1578 circiter
1985 1545 2162 1578 annum
2206 1530 2386 1594 gratiae

447 1620 589 1673 1536,
614 1623 843 1682 regnante
867 1615 993 1680 apud
1018 1614 1184 1664 Scotos
1206 1615 1389 1664 Jacobo
1412 1615 1603 1673 Quinto,

1059 1811 1146 1859 DE
1180 1811 1431 1859 DAVIDE
1464 1810 1779 1861 LINDESIO.

445 1971 620 2018 DAle
660 1968 948 2021 LINDESIUS,
989 1965 1096 2013 Rex
1133 1966 1404 2022 Armorum,
1441 1966 1515 2015 vel
1555 1965 1662 2016 Leo,
1690 1964 1977 2022 Fecialium„
2002 1982 2177 2031 genere
2218 1974 2265 2015 et
2304 1983 2385 2015 na-

442 2059 572 2106 tione
617 2056 798 2111 ScotuS,
833 2070 894 2103 ex
933 2052 1081 2102 nobili
1122 2052 1442 2103 Lindefiorum
1480 2052 1659 2107 familia
1693 2052 1744 2102 in
1784 2052 1890 2102 Fifa
1928 2053 2168 2112 oriundus,
2204 2071 2234 2103 a
2270 2071 2385 2120 pue-

443 2145 518 2193 rili
549 2150 706 2193 aetate
733 2159 789 2190 ac
823 2158 943 2206 pene
977 2142 1038 2189 ab
1072 2140 1370 2190 incunabulis
1398 2139 1504 2206 ipfis
1536 2140 1747 2194 animum
1782 2157 1897 2206 erga
1928 2140 2095 2194 literas·
2124 2142 2244 2192 mire
2278 2159 2385 2207 pro-

442 2231 637 2297 pensum
674 2230 855 2279 habuit.
925 2228 1062 2278 Hanc
1104 2229 1153 2277 in
1192 2246 1341 2293 puero
1377 2229 1598 2285 indolem,
1638 2245 1725 2278 ceu
1764 2228 1958 2281 futurae
1991 2230 2242 2294 probitatis
2286 2231 2383 2279 effi-

440 2320 581 2386 giem,
618 2325 838 2384 parentes
874 2316 974 2382 ejus
1009 2315 1078 2367 ita
1121 2315 1377 2366 exosculati
1410 2316 1530 2373 sunt,
1571 2322 1627 2366 ut
1662 2316 1798 2366 illum
1832 2315 2030 2369 eruditis
2068 2318 2384 2382 praeceptori-

442 2409 530 2456 bus
569 2405 866 2456 educandum
906 2409 955 2452 et
999 2403 1263 2452 docendum
1299 2403 1664 2460 committerent,
1714 2410 1762 2453 et
1801 2404 1852 2452 in
1896 2403 2056 2455 studiis
2097 2405 2287 2469 pietatis
2331 2423 2385 2456 ac

441 2497 673 2543 bonarum
728 2492 975 2541 literarum
1032 2489 1209 2539 solicite
1267 2490 1440 2539 nutriri
1484 2491 1694 2540 fecerint.
1795 2491 1889 2549 Qui
1933 2499 2184 2556 postquam
2235 2493 2383 2545 literis

442 2580 801 2630 humanioribus
840 2579 891 2627 in
929 2577 1097 2627 scholis
1134 2578 1399 2627 trivialibus
1443 2593 1638 2641 operam
1675 2575 1882 2633 dediffet,
1923 2579 1983 2626 ad
2023 2579 2202 2643 majora
2235 2580 2384 2629 studia

442 2675 688 2733 promotus
723 2664 1152 2730 Andreapolitanae
1187 2665 1471 2725 Academiae
1504 2663 1722 2712 alumnus
1763 2665 1918 2714 faetus
1956 2666 2032 2722 est,
2072 2667 2154 2715 ubi
2195 2660 2243 2715 et
2280 2668 2383 2731 phi-

443 2756 701 2820 losophicas
748 2753 1012 2819 disciplinas
1060 2752 1311 2801 inchoavit.
1398 2751 1627 2816 Denique,
1667 2753 1768 2816 post
1802 2753 1951 2802 studia
1996 2756 2227 2803 bonarum
2271 2757 2383 2804 arti·

442 2860 523 2891 um
572 2850 621 2891 et
667 2841 1029 2906 disciplinarum,
1086 2840 1352 2891 heraldicae
1407 2839 1499 2888 arti
1549 2838 1595 2890 se
1645 2846 1800 2888 totum
1856 2839 2065 2896 tradidit,
2091 2841 2380 2906 ,famam-que

441 2947 535 2980 non
591 2929 835 2978 minimam
891 2930 951 2979 ab
1008 2930 1174 2979 eadem
1228 2927 1425 2991 accepit.
1511 2926 1744 2981 Heraldos
1799 2929 1860 2976 ab
1916 2928 2139 2981 heroibus
2191 2928 2381 2985 deducit

440 3021 625 3067 Aeneas
671 3017 869 3082 Sylvius,
916 3017 998 3081 qui
1043 3015 1256 3066 veterani
1302 3014 1476 3062 milites
1521 3021 1656 3063 erant
1712 3014 1953 3064 laboribus
2008 3015 2221 3073 absoluti,
2248 3034 2381 3083 ,quo-

440 3122 548 3155 rum
604 3105 810 3155 officium
872 3112 974 3154 erat
1038 3103 1324 3169 reipublicae
1387 3100 1669 3157 consulere„
1697 3100 1852 3150 sontes
1913 3118 2125 3168 arguere,
2188 3104 2380 3157 laudare

440 3195 626 3257 probOS,
668 3193 903 3257 corripere
939 3192 1101 3248 malos
1143 3189 1297 3238 viduis
1336 3205 1390 3238 ac
1429 3188 1637 3254 pupillis,
1657 3189 1815 3241 favere
1838 3197 1933 3247 ;-,et
1971 3208 2002 3240 a
2041 3191 2211 3243 Libero
2232 3200 2381 3257 patre

442 3283 521 3330 seu
554 3281 755 3337 Baccho,
792 3280 889 3329 filio
929 3281 961 3329 J
963 3280 1074 3336 ovis,
1108 3278 1338 3342 originem
1364 3274 1586 3329 ‚habuiffe
1629 3276 1862 3329 dicuntur.
1893 3334 1896 3338 ,
1932 3278 2200 3331 Heraldica.
2222 3297 2312 3333 ars„
2327 3290 2381 3333 et
