2938 3900
2223 12 2276 265 ‘'NQ„4⁴57.-

945 465 1031 508 DE
1084 463 1539 508 SCRIPTORIBUS
1591 465 1814 508 SCOTIS.
2272 468 2353 509 113

416 593 467 642 in
502 590 758 640 Academia
791 588 1059 653 Glasguenfi
1100 596 1294 638 vocatus
1335 589 1412 645 est,
1452 590 1502 636 in
1543 606 1636 654 quo
1676 589 1829 637 officio
1867 588 2070 638 fideliter
2113 596 2161 636 et
2202 591 2348 637 maxi-

415 694 496 727 mo
534 676 746 727 omnium
790 675 1015 740 applausu
1070 673 1337 740 permansit,
1389 676 1606 725 omnibus
1658 678 1908 726 doctorum
1957 675 2198 740 cujussibet
2242 693 2348 740 pro-

414 763 618 813 feffionis
668 763 911 812 ordinibus
965 761 1234 818 cariffimuS,
1290 760 1605 827 fingularique
1656 762 1949 828 prudentiae,
1998 763 2344 819 moderationis

417 859 467 901 et
515 851 770 915 sapientiae
825 849 1028 906 nomine,
1084 847 1311 897 univerfis
1360 849 1571 898 omnium
1616 850 1834 898 ordinum
1883 849 2152 898 hominibus
2207 866 2344 899 verae

416 946 560 1003 atque
606 939 775 987 doG'cae
817 937 1008 1001 pietatis
1052 936 1266 984 encomio
1309 935 1622 984 admirandus.
1714 935 1800 983 Vir
1839 936 1888 983 in
1931 942 2131 1000 utraque
2171 937 2343 1000 lingua,

417 1026 585 1074 Latina
624 1032 672 1073 et
717 1024 911 1080 Graeca,
947 1023 1158 1072 absolute
1202 1023 1383 1078 doctus,
1428 1029 1482 1070 ut
1526 1023 1647 1070 hanc
1692 1039 1787 1070 non
1831 1022 1986 1070 minus
2033 1029 2176 1087 atque
2215 1022 2345 1070 illam

417 1113 627 1176 perfecte
666 1118 716 1160 et
754 1108 1090 1176 promptiffime
1129 1109 1301 1166 sciret;
1341 1109 1391 1157 in
1424 1109 1553 1157 sacra
1591 1109 1748 1164 etiam,
1789 1109 1838 1157 id
1874 1109 1938 1157 est
1983 1109 2214 1166 Hebraea,
2255 1110 2344 1157 lin-

416 1216 511 1263 gua
548 1213 777 1262 perquam
816 1196 1040 1245 eruditus.
1109 1196 1187 1243 Ad
1229 1195 1548 1260 philosophiae
1582 1194 1716 1243 fimul
1761 1201 1810 1242 et
1848 1195 2114 1259 theologiae
2157 1195 2344 1244 culmen

418 1282 682 1350 progrefl'us
719 1283 832 1331 fecit
868 1289 970 1330 tam
1007 1281 1163 1337 seriOS,
1199 1288 1255 1329 ut
1291 1295 1433 1345 pares
1469 1298 1566 1330 non
1603 1281 1754 1331 solum
1792 1282 1955 1331 multis
1991 1283 2090 1347 post
2126 1283 2174 1331 se
2212 1287 2346 1347 para-

418 1371 571 1435 sangis
608 1370 898 1433 relinqueret
937 1367 1210 1432 anticipans,
1249 1367 1329 1416 sed
1367 1375 1417 1417 et
1454 1368 1714 1432 superiores
1758 1376 2040 1433 exuperaret
2079 1370 2225 1426 brevi,
2271 1371 2346 1417 vel

417 1458 582 1506 saltem
617 1456 836 1520 profefim
868 1454 1168 1518 adaequaret.
1230 1454 1288 1502 In
1324 1454 1485 1503 studiis
1522 1457 1753 1504 bonarum
1792 1456 2051 1512 literarum,
2087 1463 2136 1505 et
2177 1457 2228 1504 in
2268 1474 2348 1505 ex-

417 1544 593 1593 ercitiis
627 1543 872 1598 virtutum,
906 1543 967 1590 ab
1002 1540 1101 1605 ipsa
1132 1540 1310 1589 tenella
1343 1547 1499 1591 aetate
1532 1542 1715 1607 semper
1749 1549 1851 1591 erat
1888 1543 2139 1608 diligenter
2172 1545 2348 1592 enutri-

414 1639 524 1687 tus3
568 1637 624 1678 ut
661 1628 914 1678 accedente
951 1634 1053 1675 tam
1094 1626 1252 1676 sedula
1285 1627 1472 1678 cultura
1506 1629 1567 1677 ad
1604 1628 1781 1694 ingenii
1819 1629 2106 1687 felicitatem,
2147 1637 2196 1679 et
2233 1630 2347 1678 alias

417 1718 565 1766 bonas
614 1723 812 1764 naturae
857 1714 1005 1770 dotes,
1049 1730 1146 1762 non
1196 1714 1371 1762 mirum
1413 1713 1472 1763 fit
1524 1715 1683 1763 omnia
1725 1732 1786 1763 ex
1823 1722 1942 1764 ‘voto
1985 1716 2204 1781 prospere
2247 1717 2346 1765 suc-

417 1802 598 1852 ceffiffe.
689 1801 876 1850 Dicitur
918 1807 1046 1849 certe
1084 1798 1217 1849 fuifl'e
1255 1800 1557 1850 concionator
1594 1792 1822 1850 facundus
1866 1809 1914 1850 et
1959 1803 2222 1858 vehemens,
2260 1803 2347 1851 dis-

417 1897 610 1954 putator
664 1888 858 1944 subtilis,
911 1887 1108 1952 scriptor
1161 1903 1258 1936 non
1309 1887 1561 1953 inelegans.
1664 1888 1723 1937 In
1777 1889 1995 1938 omnibus
2046 1890 2113 1938 ita
2157 1891 2347 1939 Domini

418 1978 573 2026 zelum
610 1975 802 2032 zelatus,
835 1974 978 2039 idque
1012 1974 1268 2024 secundum
1299 1974 1553 2031 scientiam,
1589 1981 1646 2023 ut
1683 1975 1951 2038 ubicunque
1984 1975 2032 2024 se
2069 1975 2243 2025 obtulit
2272 1993 2347 2025 oc-

419 2062 549 2119 cafi0,
590 2068 640 2111 et
675 2061 725 2110 in
761 2060 1066 2110 concionibus
1097 2067 1147 2109 et
1180 2061 1232 2110 in
1271 2060 1674 2125 disputationibus»,
1709 2068 1759 2111 et
1800 2061 1934 2111 libris
1971 2062 2115 2111 etiam
2153 2063 2345 2127 scriptiS,

418 2149 632 2198 haereses
676 2155 725 2196 et
767 2147 1031 2196 haereticos
1073 2146 1256 2212 semper
1307 2148 1480 2197 acriter
1526 2149 1669 2198 fuerit
1720 2149 1986 2199 insectatus,
2078 2150 2346 2214 Composuit

418 2243 578 2285 autem
600 2235 678 2285 hic
699 2235 806 2299 pius
828 2241 878 2283 et
899 2235 1113 2283 eruditus
1135 2235 1304 2284 doci'tor

617 2323 692 2372 De
713 2322 838 2371 veris
859 2321 995 2369 Notis
1017 2337 1156 2369 verae
1179 2320 1410 2370 Ecclefiae
1432 2321 1613 2378 Christi,
1637 2322 1717 2371 lib.

615 2407 894 2458 Paraenefin
932 2409 994 2457 ad
1030 2407 1236 2456 Jesuitas
1280 2409 1446 2457 Scotos
1490 2409 1540 2456 in
1584 2408 1751 2458 Galliis
1790 2416 2144 2466 commorantes
2191 2417 2244 2458 ut
2288 2413 2347 2459 ad

679 2495 913 2560 gremium
936 2510 1075 2542 verae
1097 2494 1328 2543 Ecclefiae
1350 2495 1573 2543 redirent.

615 2583 843 2630 Lecturas
864 2582 915 2629 in
938 2582 984 2630 S.
1010 2582 1287 2644 Scripturas.

617 2667 977 2732 Responfionem
999 2668 1061 2716 ad
1084 2667 1439 2723 Hamiltonium‚
1464 2667 1542 2716 lib.

616 2753 869 2802 Historiam
910 2753 1050 2801 Vitae
1095 2760 1144 2801 et
1182 2754 1352 2802 Obitus
1390 2754 1424 2801 J
1425 2754 1589 2803 oannis
1634 2754 1823 2803 Knoxii.

418 2844 481 2891 Et
525 2841 618 2891 alia
664 2840 902 2896 nonnulla,
957 2856 1077 2904 quae
1122 2840 1198 2888 vel
1243 2841 1470 2905 temporis
1513 2841 1684 2905 injuria
1735 2842 1810 2890 vel
1863 2842 2107 2890 hominum
2163 2844 2341 2892 incuria

416 2929 649 2978 defierunt
694 2942 977 2991 comparere.
1067 2926 1251 2975 claruit
1283 2943 1407 2975 anno
1445 2928 1544 2992 post
1590 2934 1781 2991 partum
1824 2928 2015 2992 virginis
2057 2929 2196 2985 1570,
2237 2948 2339 2995 reg-

417 3022 560 3065 nante
583 3015 633 3062 in
656 3013 814 3062 Scotia
834 3013 868 3060 J
869 3013 1016 3061 acobo
1039 3012 1197 3060 Sexto.
