2938 3900
652 474 681 515 8
1175 472 1263 516 DE
1308 470 1764 517 SCRIPTORIBUS
1804 472 2029 517 SCOTIS.

652 594 883 662 sumpfiffe
927 612 1014 662 per
1057 596 1300 662 Europam
1345 595 1576 652 scribitur,
1621 596 1866 662 multaque
1917 596 1969 645 in
2018 596 2190 646 itinere
2237 603 2406 646 notatu
2450 598 2591 662 digna

652 684 831 734 chartis
869 683 1110 734 commisit.
1191 684 1454 733 Monachus
1494 683 1575 732 ille
1610 682 1964 732 Nordovicenfis
1999 683 2340 734 Benedictinae
2378 684 2593 734 sodalita—

646 771 727 829 tis,
769 772 819 820 in
863 773 1069 837 quodam
1114 778 1331 820 veterum
1387 770 1684 835 Scriptorum
1729 769 1971 835 Catalog0,
2016 769 2158 834 hujus
2202 769 2419 836 Hugonis
2463 787 2594 820 men-

651 860 832 909 tionem
878 859 1004 917 fecit,
1055 859 1285 924 inquiens
1333 859 1475 924 Hugo
1526 859 1585 907 de
1630 856 1875 914 Hibernia,
1921 873 1983 906 ex
2027 856 2362 907 Minoritarum
2405 874 2592 923 genere,

651 944 826 1011 scripfit

851 1032 1156 1082 Itinerarium
1190 1033 1443 1098 quoddam,
1478 1031 1559 1081 lib.
1596 1045 1630 1079 1.

653 1121 731 1170 Sic
763 1122 909 1171 habet
942 1121 1036 1170 ille.
1104 1120 1234 1169 Nihil
1268 1120 1398 1169 aliud
1443 1121 1505 1168 ab
1550 1119 1641 1167 hoc
1687 1117 1890 1182 Hugone
1934 1116 2161 1183 scriptum
2205 1118 2419 1184 legimus.
2488 1120 2594 1168 Clae

651 1207 790 1258 ruifl'e
818 1216 979 1258 autem
1007 1209 1159 1259 fertur
1192 1224 1316 1258 anno
1353 1210 1495 1265 1360,
1526 1211 1756 1272 regnante
1798 1205 1983 1255 Davido
2018 1205 2221 1256 secundo
2258 1206 2358 1271 ejus
2391 1206 2595 1256 nominis

650 1297 777 1361 apud
812 1297 989 1347 Scotos

1189 1493 1277 1542 DE
1311 1490 1654 1542 RICHARDO
1690 1489 2117 1540 ARMACHANO.

652 1650 956 1698 Rmnmnus
1007 1648 1382 1702 ΑΒΜΑΟΗΑΝΠΒ,
1429 1645 1569 1694 aliter
1615 1644 1740 1693 filius
1787 1644 2029 1709 Radulphi
2073 1644 2350 1708 appellatus,
2397 1646 2588 1695 natione

651 1738 834 1793 ScotuS,
875 1751 936 1784 ex
969 1733 1200 1783 Arraniae
1239 1732 1389 1781 insula
1425 1748 1573 1797 prope
1608 1731 1889 1781 Hiberniam
1927 1731 2167 1788 oriundus,
2210 1731 2384 1780 Oxonii
2419 1732 2587 1782 libera-

649 1824 774 1872 libus
806 1821 999 1878 artibus
1034 1820 1118 1869 sub
1153 1820 1363 1869 Doctore
1395 1819 1429 1867 J
1431 1835 1583 1868 oanne
1615 1835 1645 1868 a
1677 1819 2026 1885 Baconthorpo,
2060 1819 2337 1885 philosopho
2370 1827 2420 1870 et
2453 1821 2587 1870 theo-

650 1913 759 1976 logo
777 1908 970 1974 ‘infigni,
1019 1923 1212 1972 operam
1253 1906 1411 1964 dedit;
1460 1906 1543 1955 ubi
1576 1907 1771 1956 tandem
1804 1907 1873 1956 ita
1905 1907 1956 1955 in
1988 1907 2150 1956 studiis
2181 1907 2275 1957 suis
2307 1908 2584 1972 profecerat,

650 2007 717 2055 ut,
763 1997 1044 2061 suffiagante
1099 2011 1212 2060 rege
1258 1994 1467 2044 Henrico
1511 1994 1684 2051 Tertio,
1733 1993 2063 2044 Lichfeldenfis
2118 1993 2335 2043 eccleliae
2385 1995 2586 2044 archidi-

650 2100 825 2135 aconus
868 2082 924 2132 fit
966 2082 1136 2139 factuS,
1183 2081 1352 2131 deinde
1398 2079 1673 2129 Oxonienfis
1717 2080 2002 2130 Academiae
2047 2080 2365 2138 cancellariuS,
2411 2088 2461 2130 et
2505 2082 2586 2131 de-

648 2189 781 2221 mum
824 2168 1197 2234 archiepiscopus
1241 2168 1581 2225 ArmachanuS,
1622 2174 1672 2217 et
1707 2168 1978 2218 Hiberniae
2008 2168 2215 2234 primas;
2261 2169 2312 2217 in
2347 2168 2585 2234 theologia

650 2267 699 2308 et
743 2259 793 2306 in
838 2264 1039 2321 utroque
1086 2257 1197 2320 jure
1240 2255 1311 2304 sui
1354 2255 1459 2304 aevi
1510 2254 1800 2305 doffiffimus
1842 2256 2046 2306 habitus.
2128 2257 2319 2322 Scripfit
2368 2257 2584 2322 plurima,

652 2347 710 2394 de
746 2345 917 2410 quibus
948 2343 1066 2392 haec
1099 2359 1250 2407 pauca
1284 2358 1405 2406 quae
1438 2341 1723 2406 sequuntur:

850 2432 1031 2481 Contra
1064 2430 1256 2479 Fratres
1288 2429 1626 2486 Mendicantes,
1661 2429 1741 2479 lib.
1776 2426 1885 2479 xvi.

848 2521 922 2568 De
957 2517 1127 2567 Christi
1161 2516 1407 2582 Pauperie,
1442 2517 1504 2565 ad
1537 2517 1880 2576 Innocentium,
1914 2518 1993 2568 lib.
2029 2533 2120 2568 vn.

850 2606 1190 2656 Illustrationes
1222 2605 1603 2670 Evangeliorum‚
1638 2604 1718 2655 lib.
1754 2620 1824 2654 1v.

850 2696 1101 2744 Sermones
1134 2693 1378 2758 octoginta
1411 2709 1594 2749 novem,
1629 2692 1710 2741 lib.
1740 2707 1794 2741 11.

850 2783 923 2832 De
958 2780 1316 2840 Quaestionibus
1349 2779 1697 2837 Armeniorum,
1731 2780 1811 2829 lib.
1846 2795 1900 2829 11.

850 2870 923 2918 De
956 2868 1193 2917 Potestate
1228 2867 1486 2932 Spirituali,
1521 2867 1601 2916 lib.
1636 2882 1669 2916 1.

850 2957 924 3006 De
957 2954 1169 3005 Paffione
1204 2955 1465 3011 Dominica,
1500 2954 1581 3003 lib.
1617 2969 1650 3002 1.

850 3045 1029 3093 Contra
1061 3043 1196 3092 suum
1230 3042 1642 3099 Archidiaconum,
1677 3041 1757 3091 lib.
1792 3056 1825 3091 1.

654 3134 775 3182 Cum
818 3131 981 3180 multis
1026 3130 1143 3180 aliis,
1213 3129 1475 3179 Avinionae
1524 3130 1719 3178 tandem
1769 3129 2056 3179 obdormivit
2099 3131 2150 3179 in
2194 3130 2411 3187 Domino,
2456 3147 2580 3181 anno

655 3222 797 3275 1360,
833 3219 914 3282 qui
947 3234 1106 3267 coram
1138 3218 1360 3283 pontifice
1397 3224 1563 3266 contra
1595 3217 1788 3267 Fratres
1821 3217 2145 3268 Mendicantes
2184 3216 2266 3267 diu
2298 3218 2578 3284 litigaverat,

654 3311 882 3371 regnante
915 3305 966 3354 in
999 3304 1159 3355 Scotia
1190 3304 1375 3354 Davido
1410 3303 1657 3354 Secundo·
