2938 3900
663 437 721 478 88
1198 430 1283 473 DE
1329 425 1785 470 SCRIPTORIBUS
1832 424 2056 467 SCOTIS.

665 567 713 607 et
749 555 1108 623 magnificentia.
1177 554 1353 602 Omnes
1385 550 1658 616 superiores,
1691 554 1741 597 et
1777 548 1859 612 qui
1890 563 2000 596 eum
2029 546 2175 612 usque
2220 546 2282 595 ad
2308 546 2434 593 hunc
2472 543 2596 592 diem

666 644 810 695 secuti
856 643 975 699 sunt,
1026 639 1263 706 episcopos
1319 637 1602 688 liberalitate
1648 635 1699 684 in
1743 635 1986 700 publicum
2040 634 2276 699 superavit
2306 652 2318 690 ;
2375 649 2483 682 cum
2530 632 2598 679 in-

664 739 797 781 terea
840 746 934 779 non
969 743 1163 793 magnos
1203 724 1524 775 ecclesiasticos
1563 730 1820 788 proventus
1854 728 2054 778 teneret,
2091 738 2246 786 neque
2281 721 2408 770 enim
2444 720 2598 770 adhuc

665 817 726 867 ad
782 817 947 866 Scotos
1000 819 1278 879 pervenerat
1333 811 1619 861 consuetudo
1674 810 1932 860 sacerdotia
1986 808 2257 858 sacerdotiis
2311 807 2597 857 cumulandi.

667 905 775 953 Tria
815 903 1006 968 reliquit
1054 901 1161 951 suae
1205 899 1580 966 magnificentiae
1627 906 1676 948 et
1715 897 2013 948 liberalitatis
2051 903 2361 946 monumenta
2395 896 2597 961 egregia,

666 991 843 1040 scholas
875 989 1086 1055 publicas
1118 988 1179 1037 ad
1210 987 1395 1036 Fanum
1433 986 1653 1035 Andreae
1688 986 1909 1036 maximis
1938 984 2201 1049 sumptibus
2234 983 2515 1038 aedificatas,
2552 990 2599 1031 et

666 1076 848 1142 magnis
877 1075 1182 1141 proventibus
1212 1090 1273 1123 ex
1306 1072 1616 1123 ecclesiasticis
1655 1080 1817 1123 tamen
1857 1072 2096 1121 fructibus
2135 1070 2458 1135 locupletataS,
2493 1070 2601 1118 Col-

667 1161 842 1227 legium
882 1162 928 1210 S.
971 1160 1241 1217 Salvatoris,
1286 1160 1337 1208 in
1375 1175 1471 1224 quo
1507 1160 1734 1224 juventus
1772 1161 1834 1210 ad
1874 1160 2189 1210 eruditionem
2227 1175 2283 1208 ac
2322 1157 2600 1222 religionem

667 1249 908 1299 informari
940 1247 1105 1314 possit;
1132 1263 1450 1297 marmoreum
1471 1246 1782 1312 sepulchrum,
1806 1249 2042 1298 stru&cura
2069 1247 2275 1296 mirabili
2302 1245 2599 1301 eonfeRum;

668 1336 896 1402 simulque
932 1344 981 1385 et
1010 1336 1250 1401 ingentem
1282 1342 1331 1385 et
1359 1335 1663 1385 admirandae
1698 1337 1836 1386 molis
1869 1354 2039 1386 navem
2073 1336 2351 1391 onerariam,
2377 1335 2599 1399 Bargiam

670 1424 859 1474 dietam.
939 1423 1095 1488 Vulgo
1138 1429 1299 1472 autem
1343 1421 1588 1478 creditum,
1633 1422 1804 1473 horum
1842 1424 1989 1473 trium
2034 1423 2405 1488 unumquodque
2443 1421 2601 1470 similis

670 1511 858 1577 prorsus
895 1508 1028 1559 fuiffe
1063 1510 1205 1575 pretii
1241 1516 1290 1558 et
1328 1509 1512 1558 valoris.
1597 1509 1748 1559 Porro
1787 1512 1915 1576 quod
1949 1511 2011 1560 ad
2045 1510 2250 1559 hominis
2285 1509 2598 1558 eruditionem

671 1599 855 1655 attinet,
883 1598 1009 1647 inter
1043 1597 1138 1646 alia
1166 1597 1376 1646 literaria
1408 1603 1717 1646 monumenta
1745 1597 1861 1646 haec
1891 1596 2135 1661 sequentia
2166 1595 2380 1661 sequenti
2408 1596 2598 1659 posteri-

669 1686 759 1736 tati
779 1685 999 1749 reliquit:

867 1770 1100 1838 Epistolas
1138 1771 1292 1820 varias
1330 1771 1392 1820 ad
1435 1770 1640 1820 diversos
1686 1770 1825 1820 Viros
1866 1771 2033 1821 dofftos
2073 1770 2123 1819 in
2160 1771 2317 1821 Gallia
2355 1777 2405 1819 et
2445 1770 2595 1825 Italia,

932 1859 1012 1909 lib.
1036 1874 1068 1907 1.

865 1947 1139 1996 Orationem
1160 1962 1248 2011 pro
1270 1946 1397 1995 Cura
1417 1946 1606 2010 publica
1627 1946 1906 1995 Mulieribus
1927 1963 2023 1995 non
2045 1947 2324 1996 mandanda.

869 2034 942 2082 De
964 2034 1075 2082 boni
1099 2033 1315 2098 Episcopi
1338 2033 1516 2090 Officio,
1540 2033 1620 2082 lib.
1645 2049 1677 2082 1.

674 2123 872 2171 Caetera
915 2122 977 2171 ad
1023 2121 1225 2170 nostram
1273 2137 1369 2170 non
1416 2129 1734 2186 pervenerunt
1786 2122 2018 2172 notitiam.
2119 2122 2304 2172 Claruit
2348 2139 2473 2171 anno
2518 2123 2605 2171 hu-

674 2225 842 2258 manae
895 2208 1231 2272 redemptionis
1288 2210 1430 2264 1466,
1481 2208 1594 2256 dum
1649 2210 1710 2258 ad
1766 2210 1940 2258 Scotici
1995 2210 2130 2275 regni
2181 2210 2367 2259 clavum
2423 2209 2604 2259 sederet

675 2294 883 2344 Jacobus
915 2294 1113 2342 Tertius.
1182 2294 1460 2342 Tumulatus
1495 2294 1560 2342 est
1596 2294 1645 2342 in
1685 2297 1896 2361 Collegio
1935 2297 1994 2345 D.
2037 2297 2306 2353 salvatoris,
2346 2314 2376 2346 a
2414 2296 2460 2346 se
2496 2313 2606 2345 con-

678 2382 865 2431 stru&o.

1224 2577 1312 2625 DE
1345 2577 1701 2628 GUILIELMO
1737 2579 2055 2630 SEUESSIO.

682 2728 1002 2779 Gummmms
1048 2730 1331 2787 Sssumsma
1380 2731 1522 2795 vulgo
1573 2732 1802 2789 ScheweS,
1850 2733 1896 2782 S.
1943 2733 2163 2783 Andreae
2207 2733 2610 2800 Archiepiscopus,

682 2817 858 2883 primas
902 2818 1058 2874 etiam,
1099 2825 1148 2866 et
1191 2818 1325 2882 regni
1370 2818 1566 2883 legatus,
1622 2836 1795 2884 genere
1852 2820 2043 2884 quidem
2089 2828 2138 2870 et
2189 2821 2380 2870 natione
2427 2822 2609 2877 Scotus,

683 2919 791 2952 cum
836 2903 886 2952 in
921 2903 1026 2968 ipfis
1065 2905 1200 2954 annis
1243 2905 1341 2954 sere
1375 2906 1633 2970 puerilibus
1672 2907 1899 2971 optimam
1939 2909 2202 2958 ostenderet
2238 2909 2458 2966 indolem,
2497 2925 2612 2958 cura

684 2987 872 3038 suorum
916 2990 1097 3056 semper
1140 2991 1190 3039 in
1234 2992 1393 3040 studiis
1427 2993 1617 3057 pietatis
1657 3001 1706 3042 et
1742 2996 1974 3044 bonarum
2012 2995 2259 3044 literarum
2292 2995 2501 3043 nutritus
2532 2995 2609 3043 est.

687 3075 794 3127 Post
826 3078 1063 3128 imbibitas
1096 3086 1200 3128 tum
1233 3080 1534 3130 humaniores
1570 3088 1676 3130 tum
1705 3081 2047 3147 philosophicas
2080 3082 2345 3147 disciplinas
2373 3082 2424 3129 in
2457 3080 2613 3129 schola

690 3164 853 3227 patria
884 3165 1072 3230 juvenis
1104 3167 1202 3215 acri
1239 3167 1427 3232 ingenio
1467 3169 1661 3218 Lovanii
1698 3170 1824 3233 apud
1861 3171 2098 3219 Joannem
2135 3170 2434 3234 Spinkerum,
2467 3169 2615 3217 medi-

691 3263 812 3305 cum,
855 3258 905 3300 et
946 3251 1222 3317 astrologiae
1262 3254 1422 3303 studiis
1466 3256 1686 3314 nobilem,
1730 3256 1914 3320 aliquot
1956 3272 2105 3306 annos
2148 3256 2260 3321 egit.
2341 3257 2506 3306 Postea
2542 3257 2617 3304 vir·
