2938 3900
983 462 1068 505 DE
1120 464 1576 511 SCRIPTORIBUS
1621 470 1842 514 SCOTIS.
2319 482 2374 536 67

659 583 732 632 De
756 585 991 650 Computo
1015 588 1279 654 Dialogum,
1304 591 1382 640 lib.
1410 606 1442 639 1.

656 672 729 720 De
754 673 1112 730 Quaestionibus
1136 677 1394 735 Canonum,
1418 679 1497 728 lib.
1522 694 1554 728 1.

654 760 728 808 De
752 761 1197 822 Praedestinatione,
1222 766 1300 815 lib.
1326 782 1358 815 Ι.

655 847 728 896 De
753 849 874 898 Ortu
898 857 945 898 et
968 851 1180 903 Moribus
1204 853 1489 911 Antichristi,
1513 855 1592 905 lib.
1618 871 1650 904 1.

456 934 520 982 Et
558 935 663 985 alia.
757 937 877 986 Vide
923 939 1129 988 nostrum
1169 941 1226 990 de
1267 942 1583 1007 Scriptoribus
1623 946 1832 996 Scoticae
1879 949 2045 999 Gentis
2089 951 2376 1016 Catalogum.

454 1023 637 1073 Claruit
667 1041 791 1074 anno
824 1026 1088 1077 Servatoris
1118 1028 1168 1078 in
1203 1046 1392 1079 carnem
1424 1031 1653 1081 venientis
1683 1037 1791 1091 803,
1827 1036 2051 1086 Convallo
2086 1037 2300 1086 Secundo
2330 1038 2377 1085 in

456 1111 616 1160 Scotia
637 1121 880 1177 regnante.

1064 1313 1152 1360 DE
1184 1312 1218 1360 J
1219 1313 1395 1361 OANN
1397 1312 1440 1362 E
1472 1313 1775 1364 ERIGENA.

453 1459 486 1506 J
488 1473 687 1506 OANNEs
744 1460 982 1510 ERIGENA
1040 1462 1207 1518 dietus,
1265 1471 1348 1512 aut
1404 1465 1640 1530 Airigena,
1696 1469 1756 1516 ab
1812 1469 1907 1518 Era
1968 1470 2042 1519 vel
2098 1474 2211 1522 Aira
2264 1478 2379 1524 urbe

454 1546 641 1594 Scotiae
681 1547 868 1604 celebri,
912 1564 1032 1612 quae
1068 1548 1184 1598 alias
1219 1549 1396 1598 dicitur
1435 1554 1661 1616 oppidum
1702 1555 1748 1603 S.
1788 1557 1822 1604 J
1823 1558 1997 1614 oanniS‚
2033 1560 2135 1608 aliis
2177 1562 2380 1611 Joannes

456 1634 638 1690 Scotus,
675 1634 749 1682 vel
784 1635 1006 1700 Magister
1041 1636 1315 1693 Monachus,
1361 1641 1637 1702 cognomine
1672 1649 1720 1691 et
1755 1645 1945 1694 natione
1980 1647 2157 1705 Scotus,
2197 1657 2250 1698 ut
2288 1658 2381 1698 tra-

453 1721 524 1770 dit
557 1722 724 1786 Major,
767 1723 1009 1779 Boethius,
1043 1723 1268 1780 Lessaeus,
1311 1725 1637 1784 Buchananus‚
1671 1730 1980 1794 DempPoerus,
2017 1741 2064 1782 et
2099 1735 2191 1783 alii.
2259 1737 2380 1785 Item

453 1809 675 1859 Nicolaus
720 1827 844 1874 papa
889 1811 1077 1859 Primus
1122 1812 1180 1859 de
1228 1828 1284 1860 eo
1325 1813 1375 1860 in
1419 1813 1623 1877 Epistola
1666 1818 1727 1866 ad
1772 1818 1990 1868 Carolum
2035 1822 2277 1872 Caesarem
2321 1823 2379 1872 fic

453 1897 640 1946 scribit:
681 1906 707 1925 ‘⁶
725 1898 951 1947 Relatum
990 1899 1054 1947 est
1089 1899 1365 1963 apostolatui
1398 1902 1564 1960 nostro,
1599 1905 1724 1967 quod
1755 1922 1871 1970 opus
1904 1908 1958 1956 B.
1996 1909 2199 1974 Dionyfii
2233 1912 2379 1960 Areo-

450 1987 651 2050 pagitae,
692 1987 820 2050 quod
864 1986 922 2035 de
968 1986 1138 2037 divinis
1182 1987 1461 2045 nominibus,
1502 1991 1577 2038 vel
1613 1992 1882 2042 caelestibus
1920 1995 2159 2045 ordinibus
2196 1997 2375 2046 Graeco

451 2073 685 2138 descripsit
713 2074 912 2139 eloquio,
945 2074 1136 2139 quidam
1171 2074 1242 2122 vir
1275 2075 1307 2122 J
1309 2091 1495 2133 oannes,
1534 2077 1701 2127 Scotus
1735 2096 1920 2143 genere,
1957 2098 2107 2145 nuper
2139 2082 2188 2130 in
2217 2084 2374 2131 Latin-

452 2178 534 2210 um
589 2161 914 2219 transtulerit3
971 2162 1098 2225 quod
1147 2161 1289 2226 juxta
1331 2179 1513 2211 morem
1558 2165 1692 2214 nobis
1734 2166 1872 2222 mitti,
1919 2174 1966 2215 et
2013 2169 2166 2217 nostro
2201 2170 2377 2233 judicio

452 2249 617 2301 debuit
657 2249 923 2313 approbari,
966 2249 1240 2313 praesertim
1288 2266 1396 2297 cum
1436 2250 1561 2298 idem
1605 2252 1638 2299 J
1639 2268 1825 2308 oanneS,
1871 2253 1981 2302 licet
2023 2255 2199 2303 multae
2238 2256 2378 2304 scien·-

452 2338 548 2386 tiae
589 2335 680 2386 effe
724 2336 1036 2401 praedicetur,
1084 2336 1197 2397 olim
1242 2353 1337 2385 non
1380 2336 1488 2386 sane
1533 2337 1692 2402 sapere
1737 2339 1786 2388 in
1832 2340 2105 2404 quibusdam
2147 2343 2379 2406 frequenti

453 2442 643 2474 rumore
679 2424 902 2474 dicatur.’'
972 2425 1068 2473 Sed
1096 2431 1145 2474 et
1178 2423 1439 2473 Anastafius
1475 2424 1534 2472 de
1564 2424 1727 2490 insigni
1760 2404 2008 2476 sanctitate
2039 2428 2190 2481 adhuc
2226 2429 2379 2476 viven-

452 2522 550 2562 tem
590 2513 828 2561 collaudat
867 2512 942 2560 his
981 2512 1137 2561 verbis
1181 2512 1242 2560 ad
1261 2543 1265 2547 -
1286 2511 1532 2561 Carolum:
1582 2520 1607 2539 “
1622 2513 1890 2564 Mirandum
1930 2531 2115 2577 quoque
2160 2515 2223 2564 est
2266 2532 2377 2578 quo-

452 2600 592 2647 modo
650 2599 729 2650 ille
787 2599 860 2647 vir
915 2600 1156 2656 barbaruS,
1201 2598 1234 2646 J
1236 2615 1435 2650 oannem
1481 2599 1596 2656 dica
1646 2600 1724 2648 ille
1769 2601 1849 2664 qui
1901 2601 1948 2648 in
1997 2602 2165 2649 finibus
2216 2603 2377 2651 mundi

452 2687 637 2751 politus,
675 2693 853 2750 quanto
888 2688 948 2734 ab
982 2686 1251 2734 hominibus
1285 2685 1644 2743 conversatione,
1675 2694 1809 2737 tanto
1843 2689 1970 2736 credi
2003 2689 2158 2752 potuit
2189 2689 2378 2739 alterius

452 2775 639 2839 linguae
703 2760 910 2822 dictione
974 2773 1286 2838 longinquius,
1343 2773 1459 2822 talia
1513 2773 1759 2824 intellefitu
1820 2791 1985 2838 capere
2041 2776 2089 2823 in
2149 2775 2377 2838 aliamque

452 2864 661 2927 linguam
692 2862 950 2910 transferre
991 2863 1205 2910 voluerit.
1277 2862 1311 2909 ‚J
1313 2878 1512 2910 oannem
1546 2862 1649 2909 dico
1685 2861 1993 2925 Scotigenam,
2032 2862 2196 2917 virum,
2234 2878 2377 2924 quan-

457 2960 561 2999 tum
593 2950 816 3014 comperi,
851 2966 937 3014 per
974 2950 1132 2998 omnia
1173 2949 1400 3006 san&um,
1431 2948 1521 2996 five
1553 2948 1710 3011 potius
1737 2947 1996 3003 scientem‚’'
2034 2955 2120 2996 etc.
2192 2948 2378 2996 Frustra

456 3057 569 3104 ergo
626 3038 809 3087 Pitseus
866 3038 1111 3085 Nicolaum
1167 3053 1338 3101 papam
1389 3052 1449 3083 ex
1498 3036 1695 3084 aliorum
1743 3042 1927 3085 tantum
1972 3036 2198 3084 relatione
2244 3036 2376 3083 illum

453 3142 625 3191 genere
672 3126 866 3174 Scotum
912 3121 1193 3188 nuncupafl'e
1236 3123 1587 3186 interpretatur,
1625 3122 1749 3170 unde
1794 3122 1919 3170 enim
1964 3122 2043 3170 ille
2090 3122 2376 3186 Eurigenam

455 3201 638 3264 dictum'
690 3211 780 3262 effe
834 3213 947 3267 vult,
994 3228 1054 3259 ex
1099 3210 1237 3259 unico
1281 3209 1455 3258 scilicet
1502 3209 1703 3258 Suffrido
1748 3209 1902 3258 Petro.
1999 3209 2088 3258 Hic
2133 3210 2182 3257 in
2228 3209 2380 3273 patria

455 3300 611 3350 schola
659 3300 808 3350 literis
852 3298 1162 3348 mediocriter
1210 3297 1402 3351 tinctus,
1451 3295 1542 3345 sese
1588 3296 1743 3344 animo
1787 3296 1847 3344 ad
1886 3297 2063 3360 majora
2105 3295 2382 3360 capescenda
