2938 3900
1024 451 1110 493 DE
1144 450 1602 494 SCRIPTORIBUS
1634 451 1858 494 SCOTIS.
2345 460 2402 503 89

470 581 637 635 fastus,
677 577 854 643 partim
893 576 1182 641 astrologiae,
1223 576 1398 641 partim
1434 576 1708 633 medicinae,
1753 583 1803 625 et
1835 576 2010 641 partim
2046 577 2191 628 etiam
2228 579 2408 628 theolo-

469 667 575 732 giae
614 665 661 714 se
701 665 895 714 dedidit.
985 666 1043 713 In
1079 664 1297 713 omnibus
1331 670 1494 713 autem
1529 664 1653 713 hisce
1686 664 1848 713 studiis
1883 670 2072 714 tantum
2109 666 2320 730 profecit,
2355 675 2409 715 ut

467 762 626 805 aetate
670 754 753 804 sua
791 754 872 804 vix
911 771 1076 819 parem
1115 755 1160 803 ei
1194 755 1473 819 produxerit
1512 754 1670 802 Gallia
1713 760 1797 802 aut
1842 753 2103 803 Britannia.
2193 755 2410 820 Denique

470 844 665 892 scientia
694 844 826 893 varia
859 844 1126 900 instrustua
1150 843 1201 908 in
1235 843 1444 892 Scotiam
1477 843 1539 891 ad
1571 841 1677 890 suos
1711 842 1776 890 est
1807 841 2046 891 reversus:
2081 858 2191 891 cum
2223 850 2412 892 caetera

471 932 650 997 ingenii
695 932 994 989 dexteritate,
1039 939 1145 981 tum
1184 931 1404 980 scientiae
1448 946 1610 979 rerum
1654 928 1920 978 caelestium
1956 930 2232 994 jactatione,
2279 931 2411 980 brevi

471 1021 521 1069 in
558 1020 822 1070 aulicorum
851 1020 1056 1085 gratiam
1093 1020 1140 1068 se
1170 1018 1431 1068 insinuavit·
1499 1018 1572 1066 Ea
1605 1032 1682 1065 res
1714 1033 1940 1081 magnum
1977 1017 2022 1065 ei
2053 1018 2262 1067 favorem
2301 1032 2410 1067 con-

473 1109 664 1166 ciliavit,
717 1109 846 1173 quod
889 1108 1000 1157 aula
1046 1108 1266 1157 omnibus
1311 1105 1553 1155 divinandi
1596 1105 1848 1170 generibus
1890 1111 1995 1153 tum
2041 1105 2186 1169 usque
2230 1106 2291 1154 ad
2343 1106 2413 1153 in-

474 1197 652 1246 saniam
703 1197 866 1246 dedita
918 1203 1022 1246 erat
1058 1214 1068 1245 :
1127 1194 1359 1245 Seueffius
1414 1194 1572 1260 igitur,
1625 1193 1804 1258 ingenii
1848 1194 2106 1243 acrimonia
2156 1202 2206 1244 et
2260 1196 2414 1245 aulica

474 1286 630 1351 gratia
686 1282 873 1342 florens
926 1285 1061 1334 brevi
1115 1283 1475 1333 archidiaconus
1527 1280 1647 1331 Fani
1690 1282 1912 1330 Andreae
1957 1281 2236 1347 defignatur.
2317 1284 2415 1332 Nec

475 1374 628 1422 multo
660 1373 763 1437 post
802 1379 1031 1437 tempore,
1073 1369 1234 1420 miffus
1269 1371 1337 1419 est
1373 1387 1404 1419 a
1437 1369 1583 1434 Xysto
1622 1370 1806 1426 Quarto
1843 1384 1967 1433 papa
2004 1370 2054 1418 in
2100 1370 2307 1419 Scotiam
2351 1372 2416 1419 le-

476 1468 628 1526 gatus,
686 1459 990 1509 Husmannus
1048 1459 1217 1516 dictus,
1275 1456 1358 1523 qui
1407 1455 1669 1507 Patricium
1729 1456 2036 1513 Grahamum,
2089 1456 2136 1505 S.
2197 1458 2416 1506 Andreae

478 1548 892 1614 archiepiscopum,
928 1564 1079 1613 papae
1115 1545 1521 1610 cardinaliumque
1553 1543 1798 1593 sententiis
1828 1543 2121 1601 damnatum,
2155 1544 2285 1592 omni
2319 1545 2418 1609 dig-

479 1638 644 1694 nitate,
678 1636 1011 1701 ordinibusque
1045 1634 1359 1685 ecclefiasticis
1397 1633 1634 1698 dejiceret,
1673 1646 1731 1681 ac
1770 1631 1978 1689 schisma,
2012 1631 2266 1689 fimoniam,
2306 1633 2419 1682 alia-

481 1742 573 1790 que
618 1742 740 1790 quae
787 1725 838 1774 in
881 1724 928 1773 se
972 1722 1157 1773 admifit
1207 1722 1383 1772 scelera
1425 1726 1656 1785 perpetuo
1701 1734 1889 1768 carcere
1937 1719 2166 1769 vindicari
2212 1720 2417 1784 juberet.

481 1814 637 1878 Hujus
680 1813 771 1861 viri
814 1813 954 1877 longe
999 1811 1306 1868 celeberrimi,
1352 1809 1660 1871 omniumque
1707 1806 1939 1855 virtutum
1983 1807 2174 1855 nomine
2219 1814 2268 1855 et
2311 1808 2420 1855 doc-

481 1900 635 1950 trinae
674 1900 880 1948 multum
917 1898 1194 1955 honorandi,
1228 1898 1341 1946 licet
1373 1897 1452 1946 hic
1483 1897 1545 1944 ab
1580 1894 1783 1943 inimicis
1819 1894 1912 1943 suis
1946 1894 2107 1959 inique
2147 1894 2421 1944 criminatus

482 1988 607 2045 effet,
666 1988 818 2052 hujus,
871 1987 1079 2051 inquam,
1136 1985 1227 2034 viri
1282 1986 1386 2034 loco
1442 1983 1660 2033 substitus
1717 1982 1782 2031 est
1835 1982 2117 2031 Guilielmus
2176 1981 2419 2038 SeueffiuS‚

483 2077 616 2142 cujus
661 2076 772 2124 fidei
816 2092 872 2125 ac
912 2074 1145 2124 custodiae
1191 2073 1427 2122 Patricius
1467 2071 1772 2120 mulctandus
1815 2070 2142 2119 committitur.
2226 2071 2423 2119 Guiliel-

484 2180 591 2213 mus
613 2171 777 2213 autem
798 2163 941 2228 paulo
967 2162 1080 2227 post,
1105 2160 1356 2210 Dominica
1375 2157 1594 2225 paffionis
1622 2157 1988 2224 quadragefima,
2011 2158 2179 2208 Sancti
2201 2159 2420 2208 Andreae

485 2252 862 2317 archiepiscopus
895 2251 1206 2315 inauguratus
1240 2249 1291 2296 in
1325 2248 1505 2312 templo
1549 2248 1596 2296 S.
1641 2246 1808 2296 Crucis
1852 2245 2130 2311 Edinburgi‚
2181 2245 2424 2310 praesente

487 2357 599 2406 rege
643 2338 896 2403 multisque
941 2338 1229 2402 proceribus,
1274 2336 1435 2400 ibique
1479 2335 1676 2401 pallium
1727 2342 1957 2400 tanquam
2001 2334 2425 2399 archiepiscopatus

489 2429 559 2477 sui
580 2429 758 2493 infigne
783 2426 980 2491 accepit,
1003 2424 1271 2490 primasque
1294 2430 1345 2473 et
1365 2423 1501 2488 regni
1522 2424 1708 2488 legatus
1731 2423 2012 2471 declaratur.
2082 2420 2272 2486 Scripfit

688 2514 886 2563 Librum
907 2513 967 2562 de
989 2511 1336 2576 conjunctione
1359 2511 1579 2560 Siderum
1602 2518 1652 2559 et
1673 2511 1993 2560 Planetarum.

690 2602 765 2650 De
787 2600 984 2650 Futuris
1005 2598 1373 2648 Praenoscendis
1395 2599 1582 2647 librum.
1997 2654 2003 2660 ,

494 2688 684 2753 Seripfit
717 2686 1029 2737 Genethliaca
1063 2685 1301 2735 variorum
1335 2685 1609 2742 Hominum,
1644 2692 1695 2734 et
1727 2684 1821 2735 alia
1852 2686 2019 2734 multa.
2087 2685 2272 2734 Claruit
2296 2698 2426 2753 *anno

494 2778 595 2843 post
617 2776 827 2842 Virginis
847 2781 1039 2840 partum
1064 2773 1207 2831 1479,
1231 2780 1461 2839 regnante
1481 2772 1533 2822 in
1556 2773 1718 2822 Scotia
1737 2773 1920 2822 Jacobo
1941 2773 2115 2822 Tertio.

982 2970 1071 3019 DE
1105 2968 1464 3019 GUILIELMO
1497 2967 1956 3018 ELPHINSTONO.

501 3130 824 3179 Guumus
865 3125 1269 3180 ELans‘rosz,
1314 3120 1658 3171 Aberdonenfis
1701 3120 1969 3186 Episcopus,
2014 3121 2203 3170 illustris
2246 3123 2430 3186 generis

502 3217 684 3271 Scotus
715 3212 863 3262 totius
898 3211 1042 3260 etiam
1077 3209 1211 3274 regni
1239 3209 1426 3258 Scotiae
1458 3209 1777 3266 cancellariae,
1814 3215 1865 3258 et
1893 3208 2060 3258 secreti
2098 3208 2234 3274 figilli
2269 3209 2430 3266 custos

502 3304 575 3352 vir
610 3305 661 3352 in
696 3301 915 3352 omnibus
950 3297 1226 3348 liberalibus
1259 3296 1447 3347 artibus
1476 3297 1599 3348 bene
1632 3297 1860 3348 educatus
1893 3298 1956 3347 ab
1990 3296 2302 3348 adolescentia
2342 3298 2431 3354 sua,

2201 3379 2235 3413 N
