2938 3900
1064 451 1151 493 DE
1199 453 1653 499 SCRIPTORIBUS
1699 458 1918 502 SCOTIS.
2424 476 2478 519 49

551 573 615 620 Et
662 573 768 628 alia,
815 579 869 620 ut
915 590 974 621 ex
1020 575 1209 624 Bostoni
1255 577 1488 629 Burienfis
1532 582 1745 646 catalogo
1785 583 1945 647 liquet.
2035 588 2238 638 Tandem
2274 599 2471 641 mortem

553 674 662 706 cum
689 659 789 708 vita
811 662 1118 709 commutavit
1141 679 1264 711 anno
1288 664 1479 713 Domini
1501 669 1611 723 598,
1635 667 1717 716 sub
1741 669 1924 718 Aidano
1946 687 2069 736 rege.

1362 861 1448 908 DE
1480 863 1514 910 J
1515 863 1658 913 ONA.

543 1005 576 1052 J
579 1019 708 1054 ONAS
756 1007 1027 1065 Monachus,
1069 1009 1317 1074 discipulus
1357 1012 1686 1076 discipulorum
1726 1017 2015 1076 Columbani,
2057 1021 2145 1068 viri
2189 1021 2465 1078 13116111111111,

545 1099 593 1139 01
628 1093 677 1140 111
712 1095 1089 1158 peregrinatione
1127 1096 1274 1145 socius
1310 1092 1587 1158 individuus,
1623 1120 1682 1150 ex
1717 1103 1874 1152 Scotia
1905 1106 2040 1155 claris
2072 1109 2343 1172 parentibus
2376 1110 2466 1157 ori-

543 1180 708 1235 undus,
749 1181 821 1228 vir
860 1182 1095 1239 studiosus,
1137 1184 1361 1240 eruditus,
1402 1192 1450 1234 et
1483 1186 1675 1236 scientia
1713 1190 1876 1246 clarus,
1916 1209 2011 1240 non
2049 1194 2202 1241 minus
2242 1195 2464 1259 religione

543 1285 685 1331 quam
743 1270 961 1319 1106111113
1013 1273 1304 1329 venerabilis,
1363 1274 1423 1321 ad
1477 1276 1735 1323 multorum
1789 1277 2157 1327 aedificationem
2205 1281 2255 1328 in
2298 1281 2465 1336 divinis

545 1354 802 1419 Scripturis
849 1357 955 1420 jugi
1010 1346 1159 1406 studio
1212 1359 1509 1415 exercitatus,
1555 1367 1603 1408 et
1647 1360 1889 1409 literarum
1937 1363 2211 1413 secularium
2260 1383 2354 1414 11011
2398 1368 2466 1431 ig-

542 1457 726 1499 narus;
783 1444 1047 1492 monasticis
1104 1445 1248 1493 0113111
1301 1446 1551 1510 disciplinis
1605 1448 1814 1511 apprime
1870 1450 2089 1507 imbutus,
2145 1469 2239 1500 non
2293 1450 2465 1517 ingenii

540 1535 740 1584 tantum,
788 1529 866 1578 sed
918 1538 966 1578 et
1018 1531 1163 1579 animi
1208 1532 1395 1580 dotibus
1451 1534 1523 1580 vir
1578 1535 1788 1582 omnium
1842 1537 2258 1600 praestantiffimus.
2347 1540 2465 1588 Cum

540 1616 833 1665 Columbano
869 1626 1174 1683 praeceptore
1210 1620 1290 1668 suo
1330 1621 1534 1669 Gallicas
1571 1621 1708 1684 petiit
1747 1637 1863 1679 oras,
1902 1623 2059 1686 ibique
2093 1624 2143 1671 in
2177 1625 2460 1689 Burgundia,

540 1711 588 1751 01
633 1704 832 1753 Luxovii
877 1707 1125 1770 magnifico
1184 1724 1239 1755 ac
1289 1708 1514 1772 primario
1566 1708 1854 1765 monasterio,
1900 1727 1928 1757 a
1973 1710 2260 1759 Columbano
2305 1713 2463 1760 010610

539 1808 625 1854 pro
653 1792 922 1841 seminando
951 1810 1038 1857 per
1074 1795 1237 1842 orbem
1272 1795 1507 1859 apostolici
1540 1795 1726 1851 ordinis,
1758 1812 1853 1843 non
1888 1797 2197 1853 Benedictini,
2228 1797 2305 1846 sed
2343 1799 2463 1847 Con-

537 1879 649 1942 gelli
694 1881 991 1936 monachatu,
1035 1897 1142 1928 cum
1185 1898 1241 1929 eo
1285 1881 1547 1945 permanfit,
1584 1882 1666 1930 ubi
1707 1882 1923 1946 primum,
1960 1884 2100 1947 juxta
2143 1884 2241 1947 ejus
2290 1885 2462 1932 ordinis

538 1965 721 2022 statuta,
754 1967 812 2014 de
849 1966 1036 2015 suarum
1070 1985 1295 2016 manuum
1329 1969 1489 2017 labore
1513 1969 1578 2016 ‘in
1611 1986 1856 2017 commune
1887 1957 2116 2018 vibebant.
2179 1972 2319 2035 Apud
2358 1972 2461 2019 illos

538 2059 585 2100 et
630 2052 724 2116 ipse
768 2055 1023 2103 manebat:
1071 2056 1151 2118 qui
1193 2063 1354 2103 tamen
1400 2056 1555 2120 postea
1602 2073 1708 2104 cum
1752 2055 1964 2105 vidiffent
2009 2058 2236 2122 evangelii
2279 2058 2459 2107 finceri-

537 2134 687 2188 tatem
732 2142 792 2188 ad
838 2141 941 2189 suas
987 2142 1267 2206 cupiditates
1321 2160 1488 2207 parum
1543 2143 1737 2199 adferre,
1793 2143 1875 2191 sub
1920 2144 2033 2211 ficto
2077 2144 2229 2192 statim
2272 2145 2459 2208 pietatis

537 2228 705 2283 colore,
739 2228 912 2276 blanda
951 2230 1100 2292 magis
1136 2247 1278 2293 quam
1314 2230 1562 2286 salutifera,
1599 2226 1764 2286 craflis,
1806 2230 2007 2294 stupidis,
2046 2237 2094 2278 et
2128 2230 2302 2279 insulfis
2331 2232 2459 2279 audi-

538 2315 720 2363 toribus
766 2316 917 2363 indies
956 2318 1294 2380 proponebant.
1362 2318 1479 2365 Erat
1518 2323 1677 2364 autem
1716 2316 1793 2364 hic
1833 2316 1980 2364 Jonas
2017 2315 2292 2364 monasticae
2332 2315 2460 2363 disci-

537 2403 694 2466 plinae
717 2401 1117 2464 ,studiofiffimusz
1175 2411 1368 2468 rogatus
1413 2409 1573 2451 autem
1615 2421 1646 2452 a
1687 2403 1910 2451 fratribus
1963 2402 2054 2450 suis
2107 2402 2357 2458 monachis,
2406 2410 2459 2449 ut

536 2490 769 2552 praedicti
809 2490 1090 2539 Columbani
1133 2490 1279 2539 vitam
1315 2490 1667 2539 memorabilem
1706 2506 1821 2538 aevo
1860 2496 2056 2537 venturo
2102 2489 2456 2543 commendaret,

536 2577 621 2624 has
677 2576 871 2640 scriptas
922 2578 1271 2627 lucubrationes
1320 2579 1380 2626 ad
1431 2578 1563 2625 usum
1617 2577 1895 2640 posteritatis
1940 2575 1989 2622 in
2036 2575 2208 2623 chartis
2258 2574 2355 2637 post
2410 2573 2455 2621 se

537 2663 741 2726 reliquit,
766 2670 820 2711 ut
843 2664 1072 2712 testantur
1095 2666 1212 2713 varii
1235 2666 1327 2713 fide
1351 2665 1480 2730 digni
1501 2665 1742 2712 auctores:

736 2750 895 2798 Vitam
945 2751 994 2799 S.
1039 2752 1331 2808 Columbani,
1385 2750 1700 2816 praeceptoris
1747 2749 1815 2798 sui
1869 2751 2070 2798 multum
2126 2749 2318 2804 colendi,
2375 2750 2452 2797 lib.

801 2854 961 2884 unum.

735 2924 895 2972 Vitam
930 2925 1120 2973 Attalae
1155 2925 1388 2981 Monachi,
1423 2925 1502 2973 lib.
1537 2939 1569 2971 Ι.

735 3011 894 3059 Vitam
929 3011 1165 3059 Eustachii
1201 3011 1413 3066 Abbatis,
1452 3011 1530 3059 lib.
1568 3025 1599 3057 1.
1635 3017 1683 3058 et
1717 3009 1963 3073 Bertulphi
1999 3011 2248 3065 Abbatum,
2283 3017 2330 3057 et
2365 3010 2452 3058 Co-

800 3098 1009 3146 lumbani
1036 3097 1326 3154 sucefforum,
1351 3098 1430 3145 lib.
1454 3111 1486 3144 1.

537 3189 669 3244 Quae
705 3186 898 3234 excusae
935 3186 1039 3233 sunt
1075 3185 1124 3233 in
1156 3184 1278 3232 Vitis
1316 3184 1598 3233 Sanctorum
1634 3181 1772 3237 Surii,
1807 3180 2047 3229 manifesto
2080 3197 2243 3230 eorum
2283 3198 2452 3239 errore,

2235 3348 2271 3380 H
