2938 3900
916 450 1002 492 DE
1050 451 1502 495 SCRIPTORIBUS
1549 453 1768 496 SCOTIS.
2236 462 2286 501 13

577 575 650 622 De
674 573 921 638 Religione
944 575 1284 624 Perfectorum.

576 663 648 710 De
672 662 1104 711 Praedicationibus
1127 663 1292 719 Sacris,

375 749 560 814 aliaque
584 750 725 798 varia.
780 750 961 798 Claruit
984 767 1106 798 anno
1133 753 1272 807 1454,
1292 750 1374 799 sub
1396 751 1575 799 Jacobo
1597 751 1927 815 rege'secundo
1951 752 2048 815 ejus
2082 753 2289 800 nominis.

948 946 1034 992 DE
1070 946 1356 993 HENRICO
1390 946 1719 994 LICHTONO.

375 1099 638 1146 HENRICUS
685 1099 983 1152 LIOHTONUS‚
1030 1104 1167 1145 natus
1216 1097 1264 1144 in
1314 1097 1552 1161 provincia
1586 1098 1795 1146 Merniae
1840 1099 1888 1145 in
1943 1098 2287 1161 septentrionali

375 1194 509 1250 parte
551 1185 748 1245 Scoffiae,
802 1202 861 1232 ex
900 1184 1147 1232 mediocris
1185 1184 1400 1232 fortunae
1444 1184 1714 1247 parentibus
1748 1184 2029 1248 progenitus,
2077 1200 2183 1231 cum
2227 1185 2286 1232 ad

372 1275 583 1323 adultam
605 1280 810 1321 aetatem
844 1270 1133 1336 pervenisset,
1169 1278 1217 1318 et
1240 1272 1289 1318 in
1311 1271 1465 1318 schola
1494 1269 1777 1318 Taodunenfi
1800 1270 1960 1318 literas
1991 1270 2287 1318 humaniores

371 1359 645 1415 absolviffet,
693 1360 753 1407 ad
790 1358 1092 1406 Academiam
1129 1358 1429 1405 Andreanam
1462 1357 1508 1405 se
1542 1357 1751 1412 contulit,
1786 1357 1867 1404 ubi
1900 1363 1948 1404 et
1970 1356 2126 1404 studiis
2158 1357 2287 1404 theo-

373 1449 523 1513 logiae
548 1454 596 1495 et
618 1445 935 1510 philosophiae
959 1445 1168 1492 animum
1207 1444 1399 1500 addixit,
1439 1445 1556 1492 adeo
1589 1451 1642 1491 ut
1681 1450 1789 1491 ante
1813 1460 2002 1490 annum.
2019 1443 2185 1490 aetatis
2206 1444 2287 1490 tri-

370 1535 606 1601 gefimum,
664 1534 857 1582 titulum
908 1534 1181 1581 doctoratus
1232 1531 1286 1579 fit
1334 1532 1383 1579 in
1431 1531 1668 1595 theologia
1719 1531 1999 1578 consecutus.
2083 1531 2286 1577 Tandem

370 1624 610 1688 episcopus
650 1620 948 1670 Moravienfis
991 1621 1149 1668 favore
1198 1619 1364 1667 Jacobi
1414 1618 1538 1683 regis
1581 1617 1725 1666 Tertii
1773 1618 1836 1665 est
1879 1624 2073 1672 creatus,
2121 1634 2149 1664 a
2195 1633 2287 1679 quo

370 1728 456 1776 pro
496 1709 634 1775 ipfius
670 1709 842 1756 eximia
877 1708 1094 1756 doctrina
1142 1713 1190 1753 et
1228 1706 1403 1769 pietate
1437 1705 1497 1753 ad
1529 1705 1705 1768 majora
1739 1711 1786 1752 et
1818 1703 2032 1768 graviora
2076 1702 2286 1751 ecclefiae

370 1797 560 1862 negotia
582 1795 943 1844 administranda
965 1793 1201 1841 adhibitus
1224 1791 1299 1839 est.
1368 1790 1555 1854 Scripfit

568 1885 761 1932 Piarum
784 1882 1144 1930 Meditationum
1168 1880 1247 1927 lib.
1272 1893 1324 1925 11.

569 1972 640 2018 De
665 1971 951 2032 Contemptu
974 1966 1152 2021 Mundi,
1176 1966 1255 2012 lib.
1280 1979 1311 2011 Ι.

370 2058 550 2108 Claruit
573 2073 698 2106 anno
724 2058 864 2110 1460,
888 2059 1114 2117 regnante
1138 2052 1185 2098 in
1210 2049 1367 2100 Scotia
1387 2051 1565 2099 Jacobo
1589 2049 1757 2097 Tertio.

935 2249 1020 2295 DE
1054 2245 1354 2295 ROBERTO
1389 2241 1728 2291 FLEMINGO.

369 2412 641 2458 ROBERTUS
681 2406 988 2457 FLEmNGus,
1031 2399 1219 2448 natione
1257 2398 1435 2451 Scotus,
1473 2411 1531 2442 ex
1571 2394 1696 2440 clara
1730 2391 2077 2455 Flemingorum
2110 2388 2282 2437 familia

368 2496 604 2550 oriundus,
643 2500 691 2540 et
727 2491 879 2555 primo
934 2489 1057 2536 inter
1095 2485 1347 2534 monachos
1386 2479 1687 2545 Glasguenses
1723 2479 1955 2531 educatus,
1996 2476 2150 2539 postea
2186 2483 2280 2522 m'a-

358 2586 466 2649 jora
518 2579 722 2629 discendi
776 2578 925 2626 studio
965 2575 1207 2629 excitatus,
1256 2578 1440 2619 exteras
1473 2567 1592 2632 petit
1625 2566 1862 2614 nationes:
1898 2565 1946 2611 in
1991 2562 2172 2610 Italiam
2217 2561 2280 2608 est

367 2671 619 2736 profectuS,
673 2665 754 2713 ubi
811 2681 917 2712 cum
958 2661 1166 2725 Baptista
1221 2658 1429 2707 Guarino
1481 2655 1520 2702 F
1522 2653 1722 2701 errariae
1767 2652 1827 2700 ad
1864 2658 2048 2713 tempus
2095 2648 2276 2696 studuit.

366 2761 515 2806 Poeta
553 2772 647 2802 non
671 2751 876 2815 vulgaris
899 2757 1013 2805 erat,
1054 2746 1402 2811 composuitque
1424 2741 1612 2790 heroico
1642 2739 1845 2787 carmine
1880 2738 2109 2785 tractatus
2147 2734 2277 2797 quos-

365 2849 485 2901 dam,
511 2859 628 2907 quos
651 2841 738 2890 sub,
755 2840 844 2886 hoc
867 2838 1008 2885 titulo
1033 2836 1167 2884 Sixto
1191 2836 1370 2891 Quarto
1392 2828 1601 2893 pontifici
1637 2827 1849 2874 Romano
1872 2822 2122 2871 dedicavit:

563 2925 962 2976 Lucubrationum
984 2922 1334 2970 Tiburtinarum
1356 2917 1434 2964 lib.
1459 2929 1511 2962 11.

482 3007 487 3013 ’
563 3012 873 3077 Epistolarum
895 3009 955 3056 ad
978 3006 1179 3054 diversos
1201 3005 1279 3053 lib.
1304 3019 1335 3050 1.

563 3097 741 3148 Diverfi
763 3095 947 3161 generis
970 3092 1201 3147 Carmina,
1226 3091 1304 3138 lib.
1329 3105 1360 3137 1.

561 3183 906 3235 Dictionarium
929 3178 1359 3232 Graeco-Latinum,
1383 3175 1461 3222 lib.
1486 3188 1517 3220 Ι.

362 3277 546 3340 aliaque
580 3289 676 3322 non
725 3286 885 3335 pauca.
954 3267 1134 3316 Claruit
1172 3280 1294 3313 anno
1349 3261 1475 3327 pacis
1525 3256 1815 3321 evangelicae
1867 3254 2003 3309 1470,
2048 3258 2269 3315 regnante

361 3364 542 3413 Jacobo
565 3360 723 3409 Tertio
746 3359 795 3406 in
819 3357 988 3406 Scotia.
