2938 3900
691 405 719 444 2
1231 406 1318 449 DE
1365 406 1825 452 SCRIPTORIBUS
1871 407 2095 452 SCOTIS.

695 528 935 578 Orcadum
975 529 1210 580 vivebant.
1291 530 1502 581 Tandem
1536 531 1740 581 moritur
1777 549 1903 582 anno
1941 532 2112 583 aetatis
2150 531 2259 583 suae
2295 533 2629 601 septuagefimo

693 617 851 674 terti0,
896 633 1021 667 anno
1062 618 1423 683 Redemptionis
1465 618 1662 668 humani
1704 619 1893 684 generis
1928 621 2041 677 565,
2087 626 2137 670 et
2171 620 2222 669 in
2261 620 2439 671 Huenfi
2485 621 2634 672 insula

693 703 914 769 sepultus,
949 704 1033 755 sub
1066 706 1296 771 regimine
1330 706 1534 772 Eugenii
1567 705 1716 756 Tertii
1747 706 1799 756 in
1833 707 2005 757 Scotia.

1436 902 1524 951 DE
1558 902 1824 953 BATHEN
1825 903 1906 952 10.

696 1054 979 1104 Bmmmus
1025 1053 1106 1102 seu
1152 1053 1416 1103 Bathenius
1466 1053 1517 1102 in
1569 1054 1779 1104 Scotiam
1825 1056 2033 1105 multum
2082 1058 2312 1107 momenti
2367 1058 2530 1109 attulit
2576 1060 2637 1109 ad

696 1140 908 1191 ecclefias
952 1141 1193 1191 Romanas
1242 1140 1580 1198 reformandas,
1626 1141 1711 1192 sub
1762 1143 1994 1194 Pontifice
2391 1183 2404 1203 ,
2451 1153 2506 1196 ut
2550 1147 2639 1196 tes·
2681 1155 2686 1159 ’

695 1237 825 1279 tatur
870 1230 1203 1278 Adamannus:
1263 1229 1338 1278 vir
1398 1229 1608 1280 austerae
1621 1247 1634 1262 ’
1665 1229 1792 1281 vitae
1837 1238 1886 1281 et
1945 1231 2321 1290 conversationis»,
2381 1232 2638 1298 plurimum

695 1317 1049 1382 Scripturas-um
1093 1315 1291 1365 lectioni
1336 1316 1536 1373 deditus,
1581 1323 1770 1367 tantum
1815 1335 1929 1368 vero
1964 1318 2074 1369 inde
2119 1320 2331 1385 profecit,
2376 1326 2431 1370 ut
2476 1337 2639 1386 quam-

694 1405 900 1470 plurima
932 1404 1173 1454 volumina
1205 1404 1467 1469 posteritati
1500 1403 1760 1470 reliquerit,
1795 1406 1921 1457 inter
1955 1423 2078 1473 quae
2110 1408 2228 1458 haec
2260 1424 2440 1474 pauca:

895 1487 968 1542 De
1003 1508 1116 1541 vero
1149 1499 1200 1541 et
1232 1491 1410 1542 fincero
1444 1492 1536 1541 Dei
1570 1492 1730 1543 Cultu.

895 1580 1230 1630 Meditationes
1262 1580 1314 1629 in
1345 1581 1554 1630 Mortem
1586 1588 1636 1631 et
1670 1581 1935 1633 Paflionem
1967 1582 2152 1632 Christi.

697 1670 762 1718 Et
805 1669 958 1718 multa
1003 1668 1110 1718 alia.
1192 1668 1377 1718 Claruit
1423 1684 1550 1718 anno
1596 1685 1627 1718 a
1672 1676 1816 1734 partu
1862 1670 2072 1737 Virginis
2107 1670 2217 1729 706,
2268 1671 2384 1721 dum
2431 1671 2639 1722 habenas

696 1757 831 1834 regni
863 1757 1096 1807 tractaret
1129 1756 1373 1822 Eugenius
1406 1755 1659 1821 Septimus.

1216 1952 1305 2002 DE
1339 1952 1673 2003 GULIELMO
1708 1951 2118 2004 ALBANIENSI.

700 2107 1000 2156 Gummus
1033 2106 1395 2164 ALBANmNsm,
1434 2106 1696 2156 monachus
1734 2106 1786 2157 in
1818 2105 1970 2157 insula
2003 2105 2210 2157 Huenfi:
2248 2107 2494 2173 postquam
2526 2124 2642 2160 vero

698 2195 983 2244 monachum
1024 2194 1256 2251 induerat,
1296 2194 1395 2244 acri
1428 2194 1614 2248 fervore
1647 2201 1697 2245 et
1730 2194 1832 2246 zelo
1870 2193 2004 2244 libris
2041 2194 2256 2245 incubuit
2288 2196 2350 2246 ad
2383 2183 2433 2246 Sss
2464 2196 2644 2248 Alban-

698 2301 780 2333 um
814 2282 992 2332 ordinis
1024 2282 1072 2332 S.
1106 2281 1371 2333 Benedicti.
1439 2282 1643 2333 Natione
1674 2282 1831 2332 fuerat
1861 2281 2043 2332 Scotus.
2110 2282 2189 2332 Ad
2221 2283 2493 2349 exemplum
2525 2284 2642 2335 alio-

699 2388 808 2421 rum
851 2371 1067 2428 fratrum,
1115 2370 1198 2435 qui
1230 2370 1281 2419 in
1314 2371 1484 2420 eodem
1527 2369 1756 2421 coenobio
1798 2369 1950 2420 literis
1990 2368 2342 2430 incumbebant,
2386 2371 2484 2438 ipse
2515 2372 2640 2423 alac·

699 2460 798 2509 rius
831 2458 1007 2509 studuit
1039 2464 1094 2507 ut
1126 2457 1249 2523 ipsos
1281 2457 1515 2509 incitaret.
1552 2522 1556 2525 Δ
1583 2456 1774 2523 Seripfit

899 2545 1062 2595 Vitam
1096 2544 1145 2593 S.
1179 2544 1355 2593 Albani
1388 2544 1627 2610 Martyria
1663 2543 1851 2595 Scotico
1884 2543 2111 2595 sermone.

697 2634 880 2685 Claruit
913 2649 1038 2683 anno
1072 2631 1331 2684 Salvatoris
1362 2633 1535 2683 Mundi
1569 2635 1682 2691 590,
1716 2639 1948 2698 regnante
1980 2632 2169 2684 Aidano
2201 2632 2253 2682 in
2285 2632 2459 2684 Scotia.

1447 2829 1536 2879 DE
1571 2829 1895 2880 BERVICIO.

698 2985 993 3041 Bmvicms,
1033 3000 1094 3034 ex
1127 3000 1302 3050 genere
1345 2983 1599 3034 Scotorum
1635 2982 1862 3033 oriundus
1893 2982 1946 3032 in
1978 2983 2160 3034 Mercia
2203 2983 2389 3034 Scotiae
2427 2982 2639 3034 australis

695 3072 950 3136 provincia,
984 3073 1035 3121 in
1067 3072 1205 3122 bonis
1238 3072 1389 3122 literis
1421 3080 1471 3122 et
1504 3072 1716 3123 moribus
1754 3076 2008 3135 parentum
2041 3088 2156 3121 cura
2188 3079 2238 3121 et
2275 3069 2494 3136 impenfis
2525 3072 2639 3121 edu-

694 3165 841 3214 catuS,
901 3158 1058 3222 postea
1115 3158 1378 3209 Edfredum
1433 3159 1703 3225 episcopum
1759 3158 2197 3216 Lindisfernensem,
2218 3158 2462 3215 -1Soetum,
2518 3173 2639 3224 prae-

691 3252 941 3309 ceptorem
992 3245 1173 3303 habuit,
1221 3245 1348 3311 apud
1405 3262 1548 3312 quem
1596 3245 1855 3311 plurimum
1906 3245 1958 3295 in
2008 3245 2150 3296 iberis
2203 3245 2354 3296 literis
2407 3246 2636 3311 profecit;
