2938 3900
530 487 588 539 72
1083 480 1169 523 DE
1201 477 1656 522 SCRIPTORIBUS
1688 477 1912 519 SCOTIS.

531 608 797 673 benignus;
839 606 1041 670 denique
1075 621 1170 653 non
1206 602 1388 668 vulgari
1428 602 1646 652 doctrina
1687 601 1954 656 instructus,
1989 607 2038 649 et
2078 599 2196 649 raris
2233 600 2464 648 virtutum

533 695 822 745 ornamentis
844 693 1096 758 infignitus.
1165 691 1222 738 In
1244 688 1427 754 scriptis
1449 688 1652 754 denique
1675 686 2040 737 communicavit
2061 686 2334 752 posteritati,

731 781 922 831 Henrici
977 778 1142 837 Quinti
1188 775 1492 842 Imperatoris
1543 775 1594 823 in
1645 773 1832 824 Italiam
1891 773 2219 839 Expeditionis
2270 774 2463 827 Seriem‚

799 869 878 917 lib.
903 881 977 916 111.

732 954 1087 1020 Magistratuum
1111 950 1323 1017 Infignia,
1347 951 1427 1000 lib.
1452 966 1485 999 1.

730 1042 1010 1108 Apologiam
1033 1042 1093 1091 ad
1116 1039 1375 1096 Caesarem,
1400 1039 1480 1088 lib.
1505 1054 1558 1087 11.

729 1131 801 1180 De
830 1131 998 1195 Regno
1021 1129 1284 1185 Scotorum,
1308 1128 1387 1176 lib.
1412 1142 1445 1176 1.

731 1218 804 1268 De
825 1219 1089 1267 Juventute
1112 1218 1244 1266 recte
1267 1215 1576 1271 informanda,
1601 1214 1680 1263 lib.
1706 1229 1738 1262 1.

732 1306 829 1355 Res
849 1306 1002 1371 gestas
1023 1304 1092 1354 sui
1115 1303 1358 1369 Temporis
1379 1320 1466 1368 per
1487 1301 1805 1352 Germaniam.

535 1393 597 1441 Et
652 1392 745 1442 alia
791 1393 954 1449 multa,
1003 1391 1277 1457 praesertim
1323 1391 1373 1439 in
1419 1390 1465 1439 S.
1520 1389 1825 1453 Scripturam‚
1879 1389 2122 1453 postquam
2180 1389 2227 1436 in
2285 1388 2471 1437 Guallia

535 1480 852 1530 cathedralem
888 1481 1158 1530 obtinuerat
1191 1479 1360 1528 sedem.
1450 1477 1633 1527 Claruit
1672 1494 1798 1525 anno
1838 1477 1938 1541 post
1977 1477 2145 1526 Christi
2186 1476 2472 1525 salutiferam

536 1568 829 1617 nativitatem
887 1571 1027 1625 1110,
1081 1568 1193 1616 dum
1238 1566 1418 1615 summa
1462 1582 1622 1614 rerum
1668 1564 1716 1613 in
1765 1565 1925 1614 Scotia
1957 1581 2102 1629 penes
2146 1564 2472 1613 Alexandrum

539 1655 752 1703 Primum
775 1654 1006 1704 relideret.

999 1852 1085 1900 DE
1120 1850 1462 1900 RICHARDO
1497 1850 1584 1898 DE
1619 1850 1665 1898 S.
1703 1849 1996 1899 VICTORE.

543 2006 839 2055 lticutfflnns
872 2008 931 2056 de
970 2007 1148 2055 Sancto
1182 2003 1391 2060 Victore,
1429 2004 1619 2052 natione
1649 2004 1831 2061 Scotus,
1864 2010 1918 2052 ut
1958 2004 2103 2053 habet
2143 2002 2473 2059 Bellarminus,

537 2094 791 2143 monachus
822 2094 999 2143 ordinis
1033 2093 1378 2143 Canonicorum
1401 2092 1711 2156 Regularium
1742 2093 1788 2141 S.
1814 2092 2063 2158 Augustini
2096 2092 2158 2141 ad
2188 2107 2350 2140 muros
2383 2091 2476 2139 Lu-

536 2181 749 2238 tetianos,
774 2182 989 2247 Hugonis
1022 2183 1082 2231 de
1106 2182 1152 2230 S.
1177 2181 1372 2230 Victore
1402 2187 1616 2245 tempore
1645 2181 1829 2238 claruit,
1853 2188 1902 2230 et
1926 2181 1975 2230 in
2004 2180 2171 2229 eodem
2194 2179 2475 2228 monasterio

538 2267 812 2318 sanctissime
847 2270 978 2318 vixit.
1046 2270 1158 2317 Fuit
1204 2284 1391 2332 quoque
1433 2268 1479 2316 S.
1520 2268 1753 2317 Bernardi
1797 2267 2108 2323 amiciffimua
2148 2274 2203 2315 ut
2243 2284 2302 2314 ex
2344 2267 2475 2315 libris

538 2356 598 2403 ad
631 2372 739 2404 eum
775 2356 955 2421 scriptis
987 2356 1282 2421 perspicuum
1313 2356 1390 2404 est.
1455 2355 1841 2420 “Theologorum
1874 2355 1943 2404 sui
1988 2354 2215 2419 temporis
2255 2354 2371 2401 nulli
2409 2354 2475 2402 se-

538 2444 730 2499 cundus,
759 2451 857 2492 tam
888 2444 1014 2492 enim
1043 2444 1092 2491 in
1120 2442 1391 2492 scholastica
1418 2443 1695 2508 theologia,’‘
1731 2443 1886 2507 inquit
1916 2443 2081 2507 Maj0r‚
2120 2450 2144 2469 “
2165 2459 2285 2506 quae
2322 2424 2477 2506 palae-

540 2530 629 2578 stra
664 2531 873 2581 literaria
903 2539 952 2580 et
982 2531 1319 2580 exercitatione
1347 2530 1620 2595 acquiritur,
1652 2547 1794 2595 quam
1823 2547 1880 2579 ea
1910 2547 2052 2595 quam
2091 2537 2332 2594 utcunque
2372 2530 2477 2594 quis

535 2617 658 2666 solus
713 2619 904 2667 haurire
949 2619 1109 2683 potest,
1156 2618 1387 2667 emicuit:
1445 2618 1795 2668 lucubrationes
1839 2619 2079 2683 plurimas,
2124 2619 2330 2667 lectione
2377 2618 2478 2682 dig-

537 2704 742 2754 nissimas
778 2706 825 2754 in
867 2707 1106 2771 publicum
1147 2705 1306 2754 emisit.
1378 2707 1432 2754 In
1474 2707 1678 2770 quodam
1712 2706 1923 2755 sermone
1963 2707 2021 2755 de
2059 2706 2330 2755 Christifera
2371 2706 2476 2754 Vir-

534 2792 657 2856 gine,
694 2793 902 2842 omnium
938 2794 1143 2858 exprefl'e
1182 2793 1362 2859 primus
1396 2811 1501 2843 eam
1536 2793 1775 2858 originalis
1812 2811 1964 2843 noxae
2006 2801 2250 2859 expertem
2281 2794 2475 2842 tenuit.”

539 2878 627 2927 Hic
668 2880 944 2938 Richardus,
986 2882 1227 2946 postquam
1274 2882 1322 2929 in
1367 2882 1521 2946 patria
1566 2881 1647 2930 sua
1690 2881 1960 2931 rudimenta
2004 2882 2323 2947 philosophiae
2370 2899 2475 2946 per-

537 2966 734 3030 cepisset,
791 2969 1047 3018 ardentiori
1100 2970 1303 3033 quodam
1357 2970 1560 3018 discendi
1606 2969 1755 3019 studio
1799 2971 1972 3026 maus,
2020 2970 2221 3035 impiger
2277 2969 2476 3018 Parifios

538 3055 683 3116 petiit,
718 3057 797 3104 ubi
834 3057 958 3106 inter
986 3057 1261 3121 praecipuos
1298 3056 1518 3106 dofikores
1549 3064 1599 3106 et
1628 3057 1841 3122 publicos
1878 3058 2145 3123 theologiae
2182 3058 2474 3106 icholasticae

541 3140 812 3202 profeffores
854 3145 920 3192 ita
958 3144 1162 3200 emicuit,
1208 3152 1263 3193 ut
1302 3162 1526 3210 magnum
1569 3152 1619 3194 et
1663 3162 1907 3210 nunquam
1952 3146 2258 3195 interiturum
2303 3160 2476 3193 nomen

542 3235 589 3275 ct
624 3229 801 3290 patriae
835 3238 884 3278 et
917 3231 997 3279 fibi
1032 3232 1386 3295 comparaverit.
1455 3233 1626 3282 Omnia
1660 3233 1707 3281 S.
1742 3233 2021 3298 theologiae,
2059 3232 2475 3298 peripateticorum

540 3330 669 3362 more
713 3315 987 3373 definiendo,
1029 3318 1291 3375 dividend0,
1327 3326 1375 3368 et
1416 3319 1786 3377 demonstrando,
1829 3320 2167 3384 comprobavit,
2208 3319 2334 3384 quod
2375 3319 2478 3383 qui-
