2938 3900
935 428 1022 473 DE
1073 430 1531 479 SCRIPTORIBUS
1579 433 1801 482 SCOTIS.
2297 446 2325 499 7

399 569 548 617 prope
582 552 818 618 Angliam‚
859 554 944 604 ubi
988 555 1139 606 literis
1173 556 1224 606 in
1261 557 1514 622 juventute
1548 563 1755 612 excoluit
1787 563 2059 629 ingenium;
2110 569 2332 618 matures-

398 647 536 690 cente
569 647 739 699 aetate,
770 642 820 690 in
854 644 1081 693 coenobio
1111 645 1458 697 Novocastrenfi
1490 649 1539 698 in
1575 650 1788 699 ordinem
1817 650 1864 700 S.
1894 650 2127 702 Francisci
2159 654 2331 720 ingres-

398 727 474 778 sus
519 729 596 778 est.
666 729 907 780 Postremo
953 732 1126 781 Oxonii
1169 734 1435 799 supremam
1478 737 1529 786 in
1572 738 1813 804 theologia
1856 739 2066 790 lauream
2111 743 2176 792 est
2223 759 2331 792 con-

398 816 596 875 secutuS,
636 804 781 883 atque
824 818 1088 884 trigefimus
1129 820 1358 872 secundus
1395 823 1447 873 in
1484 825 1751 877 scholastica
1791 827 2030 894 theologia
2065 831 2329 895 praelector

399 906 690 955 constitutus.
759 907 1041 972 Conscripfit

598 994 974 1043 Commentarios
1007 995 1058 1043 in
1092 995 1467 1061 Longobardum,
1502 998 1582 1048 lib.
1617 1011 1687 1048 IV.

595 1080 939 1131 Chronicorum
973 1083 1115 1147 Opus,
1150 1083 1230 1132 lib.
1266 1098 1298 1132 1.

597 1169 950 1234 Disputationes
983 1170 1220 1235 quasdam,
1255 1172 1335 1221 lib.
1370 1186 1403 1220 1.

398 1256 462 1305 Et
495 1256 588 1305 alia
631 1257 850 1320 plurima.
919 1257 1051 1305 Fatis
1091 1258 1294 1322 denique
1332 1257 1460 1308 ceffit
1504 1276 1629 1310 anno
1673 1260 1866 1311 Domini
1913 1265 2053 1320 1336,
2102 1270 2327 1328 regnante

397 1344 524 1408 apud
558 1344 725 1394 Scotos
759 1344 942 1394 Davide
977 1344 1208 1393 Secundo.

972 1541 1061 1590 DE
1096 1541 1429 1592 GULIELMO
1462 1541 1827 1593 MAXVELLO.

397 1698 700 1748 GULIELMUS
731 1695 992 1745 MAxvm,
1024 1695 1106 1745 seu
1139 1694 1417 1752 Makillhell,
1451 1701 1592 1744 natus
1623 1695 1675 1744 in
1707 1695 1973 1747 Gallovidia
2006 1698 2191 1749 Scotiae
2224 1716 2331 1764 pro-

398 1784 553 1835 vincia
586 1800 734 1850 prope
774 1783 1037 1833 Candidam
1076 1783 1256 1840 Casam,
1296 1783 1347 1831 in
1382 1783 1636 1848 juventute
1674 1783 1726 1832 in
1765 1784 1902 1834 bonis
1939 1785 2090 1836 literis
2132 1787 2330 1838 feliciter

396 1890 428 1922 a
471 1872 749 1939 parentibus
806 1871 1060 1928 educatus3
1124 1871 1293 1921 deinde
1353 1870 1598 1936 postquam
1657 1871 1820 1921 literas
1874 1872 2175 1923 humaniores
2224 1889 2332 1939 pro-

397 1963 459 2011 be
498 1968 548 2010 et
586 1960 700 2010 scite
740 1959 918 2017 calluit,
963 1958 1173 2009 melioris
1213 1965 1262 2008 et
1299 1957 1481 2008 altioris
1520 1957 1766 2007 doctrinae
1807 1959 2135 2024 percipiendae
2177 1960 2331 2025 gratia

399 2050 450 2098 in
484 2048 664 2098 Gallias
697 2052 951 2113 parentum
985 2062 1099 2096 cura
1139 2052 1190 2095 et
1228 2043 1445 2110 impenfis
1477 2044 1542 2094 est
1576 2044 1832 2109 profefflms,
1872 2045 1955 2095 ubi
1987 2045 2039 2095 in
2075 2047 2331 2097 Academia

399 2133 641 2185 Parifienfi
686 2139 736 2183 et
781 2132 1102 2198 philosophiae
1147 2137 1197 2182 et
1240 2130 1506 2197 theologiae
1550 2131 1753 2182 studuit:
1800 2132 1874 2181 vir
1917 2132 2158 2199 religiosae
2205 2134 2329 2183 vitae

399 2229 450 2273 et
482 2222 662 2273 multae
694 2220 926 2270 lectionis.
996 2218 1186 2284 Scripfit

600 2307 960 2358 Problematum
992 2307 1072 2356 lib.
1108 2321 1141 2355 Ι.

599 2395 928 2447 Conclufiones
961 2388 1234 2450 ordinariaS,
1268 2392 1348 2442 lib.
1383 2407 1417 2441 1.

600 2484 852 2534 Orationes
884 2490 933 2533 et
967 2481 1196 2548 Epistolas
1227 2480 1395 2530 varias.

401 2573 584 2624 Claruit
606 2588 731 2623 anno
753 2571 999 2621 intimatae
1020 2569 1150 2636 pacis
1171 2568 1469 2633 evangelicae
1494 2569 1636 2625 1340,
1658 2566 1742 2617 sub
1764 2567 1946 2619 Davide
1966 2584 2079 2634 rege
2101 2569 2328 2620 Secundo.

994 2766 1084 2817 DE
1118 2765 1389 2816 HUGONE
1422 2762 1800 2813 HIBERNIAE.

398 2922 548 2971 HUGo
581 2934 650 2969 DE
683 2919 958 2976 HIBERNIA,
990 2919 1041 2966 in
1069 2917 1423 2983 septentrionali
1449 2923 1586 2981 parte
1614 2915 1801 2965 Scotiae
1834 2921 1986 2973 natus,
2019 2911 2174 2964 dictus
2201 2915 2268 2963 ita
2296 2930 2326 2962 a

396 3010 501 3059 loco
534 3009 695 3066 natali,
731 3007 858 3072 quod
889 3005 1138 3070 scriptores
1170 3005 1300 3054 aliud
1334 3004 1433 3068 ejus
1455 3018 1715 3067 cognomen
1747 3001 2078 3066 ignoraverint,
2101 3017 2131 3051 a
2164 3001 2325 3050 Scoto-

397 3096 622 3147 Hibernis
663 3111 837 3145 nomen
871 3100 919 3143 et
953 3093 1183 3158 originem
1220 3091 1440 3147 trahens3
1488 3088 1664 3139 ordinis
1697 3089 1744 3138 S.
1780 3088 2014 3138 Francisci
2053 3089 2321 3144 monachuS,

396 3184 479 3249 qui
522 3190 572 3233 et
610 3180 968 3248 superstitiosam
1016 3196 1111 3244 qua
1153 3179 1379 3227 utebatur
1426 3176 1614 3226 vivendi
1658 3176 1858 3226 formam
1907 3176 1968 3226 ab
2006 3175 2100 3226 illis
2149 3175 2321 3225 didicit.

394 3270 637 3321 Prolixam
676 3270 812 3321 valde
849 3266 1277 3334 peregrinationem
1315 3263 1472 3316 inutili
1515 3263 1614 3315 otio
1652 3279 1915 3330 gyrovagus
1951 3262 2029 3314 hic
2066 3261 2321 3315 monachus
