2938 3900
671 404 755 447 130
1206 407 1291 449 DE
1338 407 1795 451 SCRIPTORIBUS
1842 406 2064 450 SCO'I'IS.

675 528 879 585 stitiosas,
915 529 1214 585 idololatrias
1256 538 1305 578 et
1338 531 1595 579 horrendas
1634 530 1944 593 blasphemias
1969 531 2172 594 juratus,
2212 540 2403 582 terrena
2435 535 2603 583 melius

676 615 1083 681 comprehendere,
1123 631 1264 679 quam
1299 615 1556 679 spiritualia
1589 615 1943 680 apprehendere
1983 617 2176 667 valeret.
2260 620 2484 684 Alioquin
2532 622 2603 668 vir

677 702 1006 766 perhumanus,
1040 701 1089 748 in
1122 708 1453 750 conterraneos
1479 700 1584 750 suos
1614 718 1787 767 egenos
1813 710 1862 751 et
1896 702 2109 752 literatos
2144 704 2351 754 liberalis
2375 714 2423 754 et
2452 709 2603 755 muni·

674 789 801 837 ficus.
875 786 1199 851 Philosophiea
1247 788 1451 851 plurima
1500 804 1655 853 opera,
1708 806 1829 854 quae
1885 789 2042 837 nullus
2094 792 2365 840 mortalium
2422 796 2603 844 exaecis

676 883 803 923 retro
824 874 988 922 seculis
1009 875 1317 938 praeviderat,
1341 876 1599 940 posteritati
1621 877 1826 942 reliquit.

869 961 1218 1011 Commentaria
1257 962 1306 1010 in
1341 963 1602 1013 universam
1642 964 1875 1029 Logicam,
1918 964 1966 1011 in
2009 963 2249 1027 Phyficam
2292 972 2341 1012 et
2385 966 2600 1016 Ethicam

934 1049 1205 1106 Aristotelis,
1230 1050 1525 1116 Burdegalae
1547 1049 1775 1116 imprefl'a.

866 1137 1216 1186 Commentaria
1237 1137 1286 1185 in
1308 1138 1605 1195 Cleomeden,
1629 1138 1818 1188 Parisiis
1839 1139 1979 1187 edita.

866 1223 1129 1272 Concilium
1152 1224 1409 1274 Nicaenum
1432 1227 1637 1290 primum
1659 1227 1907 1276 transtulit.
1982 1226 2129 1274 Paris.

671 1310 918 1359 Orationes
971 1310 1134 1367 varias,
1187 1313 1540 1375 praeleetiones,
1590 1314 1776 1379 aliaque
1828 1314 2033 1379 plurima
2076 1314 2268 1377 reliquit
2315 1314 2600 1369 excudenda,

671 1414 791 1461 quae
821 1398 975 1446 adhuc
1004 1414 1065 1446 an
1096 1398 1145 1446 in
1175 1399 1328 1448 lucem
1356 1400 1646 1464 prodierunt,
1670 1403 1867 1451 candide
1893 1418 1969 1450 me
1999 1401 2216 1465 ignorare
2239 1400 2401 1448 fateor.
2472 1402 2600 1449 Obiit

669 1484 962 1550 Burdegalae
1002 1502 1126 1535 anno
1166 1486 1501 1551 redemptionis
1539 1489 1773 1539 humanae
1818 1491 1958 1545 1610,
1999 1495 2227 1552 regnante
2271 1487 2451 1536 Jacobo
2498 1488 2602 1535 Bri-

667 1572 934 1621 tanniarum
956 1572 1121 1636 primo.

1228 2292 1448 2333 RELIQUA
1473 2294 1592 2336 ALII,
1618 2295 1720 2330 AUT
1744 2297 1836 2331 nos
1861 2298 2022 2332 ALIAs.

1553 2412 1680 2461 1627

1446 2555 1472 2589 J
1473 2555 1590 2590 ULIO
1614 2557 1795 2591 MENSE.
