2938 3900
935 433 1026 476 DE
1059 434 1515 482 SCRIPTORIBUS
1548 440 1724 484 SCOTI
1729 445 1770 486 S.
2257 452 2315 492 33

598 555 710 604 Vita
732 556 910 606 Mariae
934 559 1264 624 Aegyptiacae.
1348 607 1351 610 .

598 644 674 691 Ad
697 643 955 694 Monachos
978 647 1214 696 Limenses
1237 649 1468 713 Epistolae
1490 651 1660 714 plures.

397 729 586 794 Scripfit
618 731 761 779 etiam
793 732 995 782 diversas
1028 735 1088 783 ad
1125 736 1327 784 diversos
1359 736 1596 800 Epistolas‚
1632 742 1882 789 verborum
1917 743 2152 792 venustate
2188 761 2316 808 egre-

391 817 506 880 gias,
540 817 783 888 sententiis
816 820 967 877 utiles,
1004 828 1052 870 et
1086 821 1422 871 sententiarum
1452 825 1684 874 coloribus
1713 828 1972 885 adornatas,
2003 830 2116 878 teste
2148 830 2315 879 Henri-

391 921 448 952 co
493 905 551 953 de
604 906 842 956 Gandavo.
925 908 1119 965 Claruit,
1160 926 1219 958 ex
1257 911 1530 974 Dempstero
1567 918 1614 960 et
1650 913 1764 970 aliis,
1804 932 1927 963 anno
1973 916 2162 965 Domini
2203 920 2312 973 400,

392 991 475 1041 sub
499 992 713 1058 Eugenio
735 995 888 1059 primo
914 996 1164 1044 Scotorum
1187 1013 1297 1062 rege
1320 997 1444 1046 illius
1466 999 1678 1048 nominis.

1142 1192 1230 1240 DE
1280 1193 1570 1242 PELAGIO.

388 1342 656 1397 PELAGIUsg
704 1343 954 1391 doctorum
1000 1342 1212 1390 omnium
1266 1343 1495 1409 suffragio,
1553 1361 1612 1392 ex
1668 1346 1913 1395 Britannia
1968 1348 2203 1404 oriundus,
2248 1351 2307 1397 ab

387 1429 555 1493 Anglis
590 1429 812 1493 rejicitur,
852 1437 1080 1494 tanquam
1119 1430 1376 1478 Britannus
1414 1431 1785 1495 septentrionalis
1823 1440 1871 1481 et
1906 1433 1956 1481 in
1992 1434 2149 1483 Scotia
2186 1435 2308 1483 inter

388 1516 639 1581 Brigantes
674 1524 824 1573 natus,
863 1518 990 1581 quod
1028 1518 1174 1566 talem
1209 1517 1382 1567 scilicet
1416 1523 1694 1582 tantumque
1732 1519 2020 1567 haereticum
2050 1521 2100 1567 in
2139 1522 2309 1585 Anglia

386 1611 551 1653 natum
607 1602 697 1653 effe
753 1605 946 1652 minime
992 1605 1240 1654 voluerint.
1327 1603 1424 1652 Alii
1469 1605 1612 1653 etiam
1656 1605 1902 1670 scriptores
1957 1623 2065 1655 eum
2116 1607 2307 1656 Scotum

383 1692 540 1755 potius
576 1709 718 1756 quam
758 1692 966 1756 Anglum
1006 1690 1096 1740 effe
1134 1691 1411 1747 existimant,
1450 1709 1537 1756 pro
1573 1692 1714 1756 ipfius
1752 1693 1927 1757 ingenii
1965 1694 2219 1742 subtilitate
2258 1702 2306 1743 et

383 1780 600 1828 doctrina
630 1779 793 1844 infigni
825 1797 918 1844 qua
952 1779 1172 1843 pollebat.
1242 1779 1493 1828 Caeterum
1526 1779 1769 1828 intrudant
1805 1797 1914 1828 eum
1947 1780 2070 1829 inter
2099 1781 2304 1838 nostros;

381 1868 746 1915 condemnamus
786 1867 923 1930 ipfius
963 1883 1145 1916 errores
1185 1873 1233 1914 et
1271 1866 1495 1922 haereses,
1539 1867 1916 1915 commendamus
1959 1874 2118 1915 tamen
2160 1867 2304 1931 pluri-

381 1972 513 2003 mum
549 1955 770 2003 eximiam
809 1955 907 2019 ejus
942 1954 1266 2010 eruditionem,
1302 1970 1443 2017 quam
1476 1953 1738 2002 luculenter
1770 1952 1878 2002 satis
1917 1953 1966 2001 in
2009 1969 2103 2001 non
2142 1953 2301 2017 paucis

287 2040 291 2047 “
381 2043 480 2106 ejus
507 2042 687 2106 scriptis
715 2041 925 2090 ostendit.
984 2041 1087 2089 Hoc
1119 2041 1162 2088 ei
1192 2057 1288 2088 non
1315 2040 1495 2104 patriae
1522 2046 1606 2088 aut
1635 2039 1850 2103 patriotis
1883 2040 1996 2087 vitio
2026 2040 2300 2088 vertendum

358 2132 456 2186 est,
492 2147 599 2178 cum
639 2129 719 2177 alii
760 2129 995 2177 variarum
1034 2129 1247 2192 gentium
1278 2127 1371 2190 viri·
1405 2128 1535 2176 docti
1572 2134 1682 2175 ante
1721 2144 1777 2175 ea
1823 2127 1965 2174 etiam
2001 2134 2213 2190 tempora
2251 2128 2299 2174 in

378 2218 618 2282 primitiva
640 2216 828 2264 ecclelia
851 2215 1107 2271 extiterint,
1134 2231 1250 2278 quos
1276 2215 1392 2262 haec
1420 2214 1521 2261 lues
1549 2212 1724 2269 invasit,
1747 2213 1819 2261 uti
1847 2213 2171 2267 Tertullianus,
2201 2213 2300 2260 alii-

379 2322 470 2368 que
505 2311 676 2368 patres,
709 2303 836 2367 quod
874 2302 1103 2350 testantur
1142 2301 1413 2356 Rainoldus,
1456 2300 1792 2355 Whittakerus‚
1831 2306 1918 2347 etc.
1987 2299 2102 2347 Erat
2142 2307 2299 2347 autem

376 2392 744 2448 Christianorum
781 2390 1030 2438 Scotorum
1063 2389 1343 2452 scriptorum
1378 2387 1623 2436 illustrium
1660 2386 1855 2451 scriptor
1890 2385 2103 2442 illustris3
2137 2386 2297 2433 famati

376 2480 500 2527 illius
545 2478 742 2542 Collegii
781 2475 1162 2532 Banochorenfis,
1208 2477 1267 2524 ab
1311 2475 1460 2524 altera
1499 2475 1736 2539 legionum
1770 2475 1899 2529 urbe,
1945 2489 2067 2520 nunc
2112 2473 2294 2528 Cestria,

376 2582 471 2613 non
493 2565 670 2629 procul,
700 2562 999 2628 praepofitus,
1022 2563 1072 2610 in
1107 2579 1201 2626 quo
1232 2561 1596 2610 Christianorum
1625 2560 2002 2626 philosophorum
2031 2560 2122 2606 duo
2151 2559 2296 2606 millia

373 2669 428 2701 ac
473 2659 664 2700 centum
709 2651 769 2699 ad
812 2650 964 2714 plebis
1006 2650 1057 2698 in
1101 2648 1281 2698 Christo
1331 2648 1710 2696 commoditatem
1754 2633 2031 2701 militabant,
2072 2662 2293 2693 manuum

373 2740 560 2788 suarum
599 2738 850 2793 laboribus,
881 2737 1024 2800 juxta
1062 2736 1199 2785 Pauli
1238 2735 1515 2791 doctrinam,
1556 2734 1824 2783 victitantes
1861 2733 1959 2797 post
2000 2732 2170 2780 multos
2206 2726 2302 2795 pro'

371 2843 514 2892 grege
537 2825 706 2874 Christi
728 2824 943 2880 sudores;
978 2823 1052 2872 vir
1073 2823 1314 2886 utriusque
1347 2822 1547 2886 linguae,
1578 2821 1784 2870 Graecae
1814 2827 1862 2868 et
1890 2819 2094 2874 Latinae,
2117 2835 2290 2883 gnarus

371 2913 637 2969 admodum,
661 2918 710 2960 et
732 2911 861 2960 omni
889 2910 1082 2959 scientia
1107 2908 1460 2958 cumulatiffime
1487 2909 1749 2957 instructus.
1797 2906 1839 2954 N
1842 2905 2136 2954 onnullorum
2158 2903 2289 2951 cleri-

372 3017 535 3050 corum
569 2997 798 3048 laceffitus
830 2996 1023 3062 injuriis,
1060 2997 1178 3045 adeo
1210 2994 1441 3060 gravatim
1473 2993 1597 3048 tulit,
1631 2998 1686 3040 ut
1717 2991 1906 3039 tandem
1935 3006 1965 3038 a
1995 2989 2086 3036 fide
2117 2989 2288 3037 Catho-

372 3088 463 3136 lica
506 3087 556 3135 in
601 3085 836 3134 nonnullis
874 3083 983 3131 fidei
1023 3082 1231 3131 articulis
1270 3079 1503 3129 defecerit.
1581 3075 1881 3125 Postmodum
1924 3074 1973 3122 in
2013 3073 2200 3129 Gallias,
2237 3074 2287 3121 in

370 3174 632 3230 Graeciam,
679 3174 958 3237 Aegyptum,
1000 3176 1048 3217 et
1085 3169 1267 3233 Syriam
1306 3166 1351 3215 se
1391 3163 1602 3219 contulit,
1642 3161 1880 3225 variasque
1927 3160 2042 3208 alias
2083 3159 2286 3208 Orientis

370 3268 553 3325 partes;
587 3261 667 3309 ubi
697 3277 757 3308 ex
792 3274 953 3307 earum
982 3255 1187 3320 partium
1218 3253 1448 3303 monacho
1478 3248 1660 3315 praesul
1690 3247 1942 3302 ordinatus,
1973 3245 2285 3295 detestabilem

1737 3326 1768 3361 F
