2938 3900
963 445 1049 487 DE
1102 445 1556 493 SCRIPTORIBUS
1608 452 1828 496 SCOTIS.
2313 466 2368 508 63

427 569 488 617 do
535 574 702 617 acutus
735 584 790 617 ac
835 575 1062 626 maturus,
1099 577 1148 618 et
1184 570 1235 619 in
1267 571 1508 622 sententiis
1537 577 1704 640 gravis.
1773 579 1930 636 Quum
1968 582 2206 645 politiores
2235 586 2360 634 liter-

427 673 480 705 as
513 656 755 721 utriusque
787 657 988 721 linguae,
1024 664 1072 707 et
1105 659 1295 723 poeseos
1325 661 1524 710 studium
1555 680 1726 729 magna
1759 666 1934 731 ingenii
1969 669 2247 719 dexteritate
2282 690 2359 720 ex-

428 743 652 801 coluisset,
676 745 1021 809 perscrutandis
1050 747 1217 796 divinis
1246 748 1394 796 literis
1423 750 1652 814 reliquam
1685 760 1890 802 aetatem
1921 762 1968 803 et
1999 773 2189 820 operam
2219 760 2355 807 dedit.

425 835 481 882 In
518 833 591 881 his
626 849 721 881 non
760 834 1004 898 vulgarem
1037 835 1302 898 profectum
1346 836 1628 895 consecutus,
1663 841 1871 903 probatis
1904 842 2111 890 moribus
2149 851 2196 891 et
2237 846 2357 894 vitae

426 922 699 986 integritate
734 923 860 986 apud
892 922 1099 971 eruditos
1137 929 1185 971 et
1220 922 1321 987 pios
1358 924 1562 988 quosque
1597 943 1815 990 magnam
1855 927 1922 975 sui
1963 929 2162 977 nominis
2196 948 2356 979 vener-

422 1010 629 1058 ationem
667 1009 941 1074 promeruit.
1011 1010 1097 1058 Vir
1139 1010 1256 1074 pius,
1295 1011 1474 1067 defitus,
1510 1013 1677 1075 gravis,
1714 1015 1955 1070 modestus,
1993 1023 2041 1063 et
2074 1018 2353 1066 auctoritate

425 1098 604 1161 plenus,
651 1099 856 1162 prudens
901 1104 949 1146 et
995 1097 1226 1153 cordatus,
1273 1105 1465 1162 propter
1510 1100 1730 1162 quasdam
1771 1101 1872 1149 suas
1916 1102 2111 1166 infignes
2157 1111 2351 1153 naturae

425 1186 558 1233 dotes
592 1192 730 1250 aptus
761 1186 821 1233 ad
855 1186 1125 1250 regendum,
1157 1184 1235 1232 sed
1265 1191 1458 1248 propter
1493 1186 1663 1234 mentis
1701 1203 1908 1243 acumen,
1950 1188 2062 1236 felix
2099 1189 2348 1253 ingenium,

424 1280 472 1320 et
511 1273 794 1337 propensum
829 1273 891 1321 ad
927 1274 1074 1320 bonas
1113 1278 1239 1320 artes
1275 1271 1497 1328 animum,
1543 1273 1694 1320 multo
1737 1275 1885 1338 magis
1923 1275 2116 1323 idoneus
2159 1278 2217 1324 ad
2262 1278 2349 1325 stu·

424 1360 643 1407 dendum.
734 1358 932 1407 Addidit
983 1358 1190 1406 stimulos
1236 1364 1284 1406 et
1330 1358 1455 1421 quali
1500 1367 1767 1411 currentem
1811 1362 2020 1410 incitavit
2064 1364 2123 1411 ad
2167 1365 2347 1412 cursum

423 1447 620 1496 Carolus
664 1447 935 1511 imperator,
973 1446 1055 1510 qui
1095 1446 1299 1494 Galliam
1344 1462 1439 1494 non
1478 1447 1632 1495 minus
1671 1448 1819 1496 literis
1863 1465 2003 1512 quam
2048 1451 2189 1498 armis
2228 1451 2348 1498 illus-

423 1543 550 1584 trare
587 1535 820 1599 cupiebat,
866 1533 1152 1598 reipublicae
1198 1532 1435 1581 literariae
1479 1534 1755 1598 praefidium
1794 1537 2034 1600 fingulare,
2075 1554 2232 1585 rarum
2271 1539 2347 1585 de-

423 1641 505 1673 cus
544 1630 592 1673 et
633 1629 977 1672 ornamentum.
1047 1622 1240 1669 Nullum
1280 1621 1426 1684 igitur
1464 1638 1559 1669 non
1598 1612 1744 1670 movit
1784 1623 1986 1687 lapidem
2023 1631 2076 1672 ut
2115 1625 2348 1672 beneficiis

422 1713 546 1762 tanti
590 1711 790 1776 patroni,
838 1711 994 1774 quoad
1049 1708 1209 1773 posset,
1263 1707 1576 1772 responderet,
1631 1708 1817 1773 ejusque
1862 1711 2175 1774 expefi’cationi
2219 1711 2345 1758 satis-

421 1802 609 1849 faceret.
702 1799 792 1846 Hic
838 1797 1062 1846 Claudius
1106 1797 1186 1844 ille
1231 1801 1344 1851 erat,
1401 1794 1482 1858 qui
1533 1794 1583 1842 in
1626 1795 1727 1843 foro
1772 1796 1984 1844 Lutetiae
2036 1796 2343 1844 eruditionem

421 1888 638 1937 omnibus
671 1886 885 1935 venalem
919 1883 1171 1949 proposuit,
1207 1882 1416 1946 nihilque
1455 1881 1682 1934 mercedis
1719 1881 1822 1930 loco
1859 1888 2047 1946 praeter
2081 1867 2259 1931 nictum
2294 1890 2341 1930 et

422 1977 568 2025 vestes
611 1973 886 2039 repoposcit.
971 1971 1138 2020 Sanxit
1182 1971 1291 2018 inde
1328 1969 1523 2018 Carolus
1565 1985 1662 2024 rex,
1708 1975 1761 2017 ut
1808 1968 2023 2032 deinceps
2063 1969 2339 2033 linguarum,

421 2063 753 2130 philosophiae,
788 2078 843 2110 ac
876 2060 1142 2124 theologiae
1177 2056 1464 2123 gymnasium
1499 2055 1594 2103 illic
1633 2056 1845 2104 Lutetiae
1880 2054 2002 2111 effet,
2037 2062 2086 2103 et
2118 2062 2172 2103 ut
2204 2055 2341 2103 Clau-

421 2154 525 2202 dius
560 2152 610 2200 in
644 2167 701 2199 eo
736 2148 1078 2214 praelectiones
1113 2145 1352 2209 inciperet.
1426 2142 1587 2191 Edidit
1622 2143 1747 2192 inter
1778 2143 1870 2191 alia
1902 2142 2142 2191 defitrinae
2177 2159 2339 2190 monu-

420 2247 593 2296 menta,
617 2239 679 2288 ad
701 2237 1010 2287 Christianam
1031 2233 1307 2298 religionem
1329 2230 1624 2296 pertinentia,

618 2323 994 2376 Commentarios
1015 2322 1066 2370 in
1088 2320 1396 2374 Matthaeum,
1420 2318 1498 2366 lib.
1523 2332 1597 2366 111.

616 2415 674 2463 In
697 2411 1087 2466 Pentateuchum,
1110 2408 1189 2457 lib.
1213 2421 1263 2455 v.

611 2503 670 2551 In
693 2499 863 2565 Capita
883 2499 916 2547 J
917 2498 1120 2553 udicum,
1144 2495 1224 2544 lib.
1248 2509 1281 2543 Ι.

616 2587 953 2638 Enarrationes
974 2585 1024 2633 in
1047 2583 1194 2640 Ruth,
1216 2582 1296 2630 lib.
1321 2594 1354 2627 1.

614 2677 769 2740 Super
790 2672 1083 2727 Psalterium,
1107 2670 1186 2718 lib.
1211 2684 1244 2716 1.

614 2766 672 2814 In
694 2778 857 2813 omnes
878 2760 1106 2825 Epistolas
1128 2757 1278 2813 Pauli,
1302 2755 1380 2803 lib.
1404 2765 1512 2801 ΧΠ.
1575 2806 1583 2819 ,-

612 2854 670 2902 Ι11
692 2849 1095 2915 Evangelistarum
1118 2841 1439 2897 Concordiam,
1463 2838 1542 2887 lib.
1566 2851 1601 2885 Ι.

610 2938 886 2989 Memoriale
908 2935 1230 2990 Historiarum,
1252 2932 1332 2980 lib.
1355 2942 1389 2978 1.

612 3029 855 3077 Summam
878 3024 1126 3088 quandam,
1149 3021 1230 3069 lib.
1252 3033 1285 3066 1.

610 3114 839 3164 Homilias
862 3127 1061 3177 quoque,
1083 3109 1164 3158 lib.
1188 3121 1220 3155 Ι.

411 3206 594 3257 Claruit
648 3220 771 3254 anno
827 3198 1085 3251 communis
1139 3194 1299 3245 salutis
1344 3192 1452 3253 796,
1508 3193 1619 3241 dum
1677 3189 1848 3239 Scotici
1902 3189 2034 3253 regni
2091 3189 2322 3253 sceptrum
