2938 3900
938 383 1023 425 DE
1076 385 1530 432 SCRIPTORIBUS
1581 392 1801 435 SCOTIS.
2283 405 2333 443 41

612 503 684 552 De
708 503 1004 564 Humilitate,
1028 508 1107 557 lib.
1133 524 1164 558 1.
1189 518 1237 558 et

610 592 683 641 De
708 593 948 652 Oratione,
972 596 1050 645 lib.
1076 612 1107 645 Ι.

411 679 613 728 Caetera
652 676 751 744 ejus
795 681 978 746 scripta,
1025 702 1330 751 quaecunque
1370 689 1451 737 illa
1494 676 1681 747 suerint,
1727 693 1860 741 nobis
1904 694 2055 743 adhuc
2099 695 2333 760 incognita

411 773 617 815 manent.
712 768 894 817 Claruit
938 787 1062 820 anno
1108 773 1319 838 Virginei
1362 783 1525 839 partus
1568 781 1678 835 440,
1729 779 1812 828 sub
1859 781 2070 845 Eugenio
2120 783 2332 831 Secundo

413 853 662 903 Scotorum
685 872 809 920 rege,
834 857 912 906 sed
935 876 1029 922 quo
1053 859 1102 908 in
1125 861 1228 910 loco
1251 862 1346 910 illic
1369 863 1575 926 sepultus
1597 864 1663 921 fit,
1688 873 1849 929 aperte
1872 883 1966 915 non
1988 867 2236 917 invenitur.

1149 1057 1236 1105 DE
1270 1058 1598 1109 MACKAYO.

411 1204 701 1254 MACKAYUS
746 1207 821 1254 vel
860 1207 1108 1256 Maccaeus
1149 1216 1292 1266 vateS,
1333 1212 1408 1259 vel
1447 1213 1703 1261 Bacharius
1741 1215 1986 1264 Maccaeus
2025 1217 2190 1273 Pitse0‚
2233 1220 2331 1266 Mae

411 1290 579 1338 chillus
616 1291 768 1348 Surio,
809 1292 912 1341 aliis
951 1293 1126 1349 Macca,
1167 1295 1270 1344 aliis
1309 1297 1452 1346 etiam
1497 1299 1752 1356 MachiHas,
1802 1302 2074 1351 Bachiarius
2118 1304 2332 1352 Macceus

411 1377 570 1433 Baleo‚
628 1378 732 1426 aliis
786 1379 988 1443 denique
1044 1381 1313 1430 Bacciarius
1357 1390 1406 1432 et
1450 1385 1726 1443 Bachianus,
1772 1390 1832 1436 ab
1877 1389 2092 1438 omnibus
2146 1391 2332 1438 natione

413 1464 682 1520 Britannus,
734 1467 794 1514 ab
851 1466 1040 1530 optimis
1084 1468 1297 1532 pluribus
1344 1471 1512 1520 Scotus
1554 1473 1817 1537 agnoscitur
1861 1482 1909 1524 et
1953 1475 2220 1525 insulanus:
2270 1478 2333 1525 ibi

414 1553 539 1601 enim
579 1554 707 1617 apud
748 1554 972 1603 Hebudes
1008 1562 1057 1603 et
1097 1557 1331 1606 Aemodes
1370 1557 1613 1623 Brigidam
1651 1560 1853 1626 aliasque
1892 1562 2095 1626 virgines
2132 1562 2334 1626 primum

414 1640 598 1697 velavit,
637 1640 834 1704 pallium
873 1642 1033 1690 album
1071 1650 1119 1691 et
1158 1644 1329 1692 vestem
1365 1645 1610 1694 candidam
1648 1646 1785 1711 super
1823 1648 2025 1712 ipsarum
2063 1650 2216 1713 capita
2250 1651 2334 1698 im-

413 1727 577 1791 posuit.
645 1727 763 1776 Erat
806 1729 950 1777 etiam
996 1730 1043 1778 S.
1089 1730 1282 1779 Patricii
1327 1731 1587 1796 discipulus.
1656 1733 1904 1798 Postquam
1943 1734 2072 1783 varia
2106 1737 2333 1784 bonarum

413 1815 588 1863 artium
632 1815 808 1864 semina
846 1824 895 1865 et
938 1817 1245 1867 fundamenta
1283 1818 1536 1867 mediocria
1573 1819 1697 1867 inter
1734 1821 1986 1869 monachos
2017 1819 2208 1885 jecifl'et,
2249 1823 2335 1870 dis-

414 1902 598 1967 ciplinis
641 1904 986 1953 mathematicis
1040 1912 1195 1953 aetate
1235 1905 1434 1969 juvenili
1477 1905 1523 1953 se
1567 1912 1721 1954 totum
1765 1907 1956 1955 addixit.
2046 1907 2161 1956 Erat
2206 1916 2333 1956 vates

415 1989 601 2054 infignis
639 1997 688 2038 et
726 1991 1087 2039 mathematicus
1124 1991 1432 2055 peritiffimus‚
1471 2008 1582 2040 nam
1619 2008 1806 2041 omnem
1838 1993 2135 2057 juventutem
2174 1995 2222 2041 in
2261 1995 2334 2042 his

415 2077 575 2126 studiis
600 2077 783 2142 posuit:
820 2095 928 2126 cum
957 2085 1117 2127 autem
1150 2080 1211 2127 ad
1244 2078 1588 2143 provectiorem
1619 2085 1823 2128 aetatem
1858 2080 2146 2144 perveniss'et,
2182 2098 2333 2145 neque

418 2165 546 2213 domi
580 2165 738 2213 omnia
769 2171 982 2229 tempore
1016 2166 1129 2214 belli
1161 2165 1271 2214 satis
1303 2172 1408 2214 tuta
1441 2163 1598 2221 effent,
1631 2171 1736 2213 tum
1767 2166 1945 2230 majora
1977 2166 2179 2215 discendi
2209 2167 2335 2231 cupi-

417 2253 516 2308 dus,
555 2252 982 2317 peregrinationem
1023 2253 1211 2317 longam
1250 2253 1300 2301 in
1339 2252 1526 2300 Italiam
1563 2251 1708 2315 usque
1741 2252 1947 2317 suscepit,
1986 2254 2109 2302 unde
2143 2254 2332 2309 fafitum

418 2347 471 2388 ut
513 2341 857 2388 obtrectatores
897 2339 1089 2403 quidam
1133 2356 1242 2388 eum
1288 2337 1512 2403 aufugifl'e
1550 2355 1611 2387 ex
1644 2339 1799 2403 patria
1842 2340 1886 2388 ei
1931 2340 2112 2388 crimini
2157 2340 2333 2389 darent.

416 2426 512 2475 Sed
556 2426 682 2474 edito
726 2426 919 2474 tandem
958 2425 1130 2482 libello,
1172 2427 1414 2475 Romanae
1458 2425 1588 2474 urbis
1631 2426 1840 2490 pontifici
1880 2427 2037 2483 Leoni,
2077 2435 2130 2476 ut
2174 2428 2333 2482 fertur,

416 2513 648 2568 satisfecit,
689 2519 743 2561 ut
782 2529 842 2561 ex
882 2513 1140 2575 Gennadio,
1181 2513 1404 2569 Honorio,
1441 2512 1625 2561 Joanne
1665 2514 1938 2578 Capgravio‚
1976 2520 2024 2562 et
2062 2514 2175 2570 aliis,
2210 2515 2336 2562 colli-

414 2614 526 2663 gere
566 2598 643 2646 est.
711 2598 798 2646 Vir
833 2605 936 2646 erat
974 2598 1122 2647 felicis
1157 2598 1346 2663 ingenii,
1385 2598 1624 2663 infigniter
1662 2600 1886 2656 eruditus,
1926 2607 1975 2649 et
2017 2601 2107 2649 hoc
2150 2601 2335 2649 nomine

415 2687 476 2734 ab
516 2685 712 2733 eruditis
756 2684 868 2732 viris
913 2684 1153 2749 insigniter
1191 2686 1488 2742 celebratus;
1533 2686 1615 2750 qui
1661 2702 1796 2735 rarae
1838 2687 2028 2751 pietatis
2061 2687 2333 2742 adolescens,

414 2773 686 2823 liberalibus
722 2772 986 2836 disciplinis,
1028 2779 1078 2822 et
1116 2773 1314 2823 caeteris
1351 2772 1543 2829 artibus,
1578 2789 1698 2837 quae
1735 2773 1990 2837 ingenuum
2028 2774 2205 2829 decent,
2235 2773 2335 2822 feli-

414 2859 533 2908 citer
571 2859 835 2914 instrustus,
870 2858 921 2906 in
955 2858 1231 2923 theologicis
1267 2859 1334 2907 ita
1376 2859 1587 2923 profecit,
1626 2866 1680 2907 ut
1724 2860 1898 2923 populo
1933 2866 1982 2907 et
2025 2859 2150 2908 clero
2189 2875 2334 2913 carus,

415 2945 568 2994 doctis
603 2944 714 2992 viris
744 2944 998 3008 plurimum
1038 2944 1251 3000 dilectus,
1291 2946 1588 3009 magnatibus
1622 2952 1671 2994 et
1698 2945 1985 3009 principibus
2021 2945 2139 2993 mire
2175 2954 2336 3009 gratus

414 3040 463 3081 et
511 3039 730 3096 acceptus
786 3031 964 3079 fuerit:
1010 3037 1257 3095 praeterea
1297 3030 1366 3080 ita
1414 3031 1700 3095 theologiam
1744 3030 1901 3087 coluit,
1946 3037 2001 3080 ut
2045 3031 2336 3095 astrologiam

415 3135 510 3167 non
548 3119 850 3183 vituperaret,
888 3118 983 3167 imo
1018 3118 1198 3167 summo
1232 3117 1381 3166 studio
1420 3117 1471 3166 in
1511 3134 1569 3167 ea
1606 3116 1798 3168 scientia
1830 3116 2119 3183 progreffum
2152 3118 2337 3168 faceret,

2111 3218 2145 3253 G
