2938 3900
679 439 735 478 12
1159 436 1245 477 DE
1292 434 1751 479 SCRIPTORIBUS
1798 435 2020 478 SCOTIS.

876 559 1253 609 Commentarios
1286 558 1571 609 dofitissimos
1600 560 1649 607 in
1682 566 1886 624 quatuor
1912 558 1991 607 lib.
2029 557 2381 607 Sententiarum
2424 557 2614 622 scripsit.

878 647 1151 696 Ordinarias
1173 647 1317 696 etiam
1353 647 1656 705 Quaestiones
1689 653 1738 695 et
1777 646 2098 704 Quodlibetas.

879 734 1255 783 Commentarios
1296 734 1345 781 in
1380 732 1622 798 Phyficam
1646 733 1920 782 Aristotelis
1965 727 1968 730 ’

681 822 794 887 Ejus
849 821 1008 885 aliqua
1059 821 1213 869 adhuc
1266 820 1438 885 scripta
1488 820 1652 869 dicunt
1702 827 1865 869 extare
1912 821 1962 869 in
2001 821 2279 870 monasterio
2313 822 2360 871 S.
2409 822 2617 870 Victoris

681 910 909 958 Lutetiae.
980 908 1163 958 Claruit
1185 925 1309 957 anno
1345 926 1375 957 a
1409 916 1550 973 partu
1574 908 1782 974 Virginis
1823 910 1965 965 1410,
1995 916 2224 974 regnante
2245 909 2427 958 Jacobo
2458 909 2619 957 Primo

682 997 729 1044 in
755 997 925 1045 Scotia.

1228 1193 1315 1240 DE
1352 1192 1580 1240 THOMA
1615 1191 2065 1240 OTTERBURNO.

682 1349 895 1396 TnomAs
946 1345 1306 1401 OTTERBURNE,
1343 1345 1534 1393 natione
1599 1345 1780 1399 Scotus,
1838 1341 2115 1408 profeffione
2168 1343 2514 1401 FranciscanuS‚
2561 1362 2619 1393 ex

681 1435 877 1499 antiqua
924 1434 1322 1482 Otterburnorum
1360 1432 1540 1481 familia
1573 1431 1811 1488 oriunduS‚
1852 1431 1902 1479 in
1937 1431 2094 1480 schola
2128 1431 2465 1497 Edinburgenfi
2508 1434 2620 1481 edu-

682 1531 827 1578 catus,
873 1522 923 1569 in
969 1520 1210 1585 theologia
1259 1527 1308 1569 et
1371 1519 1665 1585 philosophia
1716 1519 1920 1583 optimos
1967 1519 2143 1568 fecerat
2198 1518 2490 1585 progrefl'us:
2549 1522 2621 1568 vir

682 1611 859 1675 pietate
895 1616 944 1658 et
983 1609 1201 1658 doctrina
1236 1608 1401 1664 clarus,
1444 1609 1493 1656 in
1515 1607 1715 1656 historiis
1750 1606 2002 1655 scribendis
2034 1607 2212 1671 optime
2235 1607 2454 1657 versatus.
2513 1609 2621 1657 Pos-

681 1706 893 1746 terorum
916 1697 976 1745 ad
999 1695 1133 1744 usum
1156 1696 1348 1760 reliquit

882 1785 979 1832 Res
999 1784 1149 1848 gestas
1172 1784 1422 1831 Scotorum
1445 1790 1494 1831 et
1517 1782 1782 1847 Anglorum
1804 1782 1854 1830 in
1877 1781 2019 1830 variis
2041 1782 2250 1831 Praeliis.

779 1868 791 1880 ⁴
881 1872 954 1919 De
978 1869 1267 1919 Succeffione
1291 1870 1530 1919 Comitum
1553 1867 1933 1924 Northumbriae,
1956 1867 2035 1916 lib.
2060 1882 2092 1915 1.

882 1957 1223 2022 Opusculorum
1247 1957 1326 2005 lib.
1351 1971 1383 2004 1.

684 2053 731 2093 et
768 2045 861 2094 alia
897 2044 1112 2109 plurima.
1177 2043 1401 2093 Claruifl'e
1444 2045 1596 2093 fertur
1639 2044 1765 2092 circa
1802 2061 1979 2093 annum
2013 2045 2182 2094 Christi
2221 2049 2362 2103 1411,
2394 2056 2621 2113 regnante

682 2134 713 2180 J
716 2134 862 2181 acobo
885 2132 1059 2180 Primo.

1177 2327 1264 2374 DE
1300 2326 1688 2391 [GULIELMO]
1724 2327 2123 2402 TURNBULLO.

688 2484 744 2531 D.
787 2483 1134 2535 TURNBULLUS,
1192 2478 1447 2544 Episcopus
1494 2479 1796 2545 Glasguenfis,
1836 2481 2026 2545 pietatis
2081 2489 2129 2530 et
2181 2483 2426 2532 doctrinae
2482 2486 2619 2534 laude

688 2568 936 2632 praestans,
971 2566 1221 2630 collegium
1269 2565 1569 2631 pecuniisque
1609 2566 1718 2616 satis
1758 2569 1968 2633 amplum
2012 2577 2060 2618 et
2111 2571 2316 2634 praediis
2363 2573 2423 2620 ad
2463 2573 2621 2623 literae

688 2673 794 2703 rum
840 2655 988 2703 studia
1031 2654 1281 2702 excitanda
1330 2654 1621 2718 fovendaque
1657 2655 1822 2712 erexit,
1876 2657 1952 2704 cui
2005 2664 2266 2706 extremam
2302 2676 2495 2708 manum
2535 2662 2621 2710 im-

688 2741 916 2808 posuifl'et,
957 2749 1100 2806 atque
1140 2742 1201 2790 ad
1239 2741 1598 2806 amplitudinem
1633 2742 1785 2791 multo
1820 2743 2047 2807 majorem
2094 2743 2327 2801 evexifl'et,
2373 2747 2454 2795 nifi
2494 2748 2621 2797 istius

688 2829 939 2885 consilium,
996 2829 1187 2893 pietatis
1242 2846 1297 2878 ac
1352 2829 1487 2877 studii
1528 2830 1577 2877 in
1639 2829 1875 2878 ecclesiam
1931 2831 2137 2894 plenum,
2183 2848 2311 2880 mors
2350 2834 2620 2898 importuna

687 2915 1020 2982 praevertiffet.
1103 2917 1189 2964 Vir
1239 2924 1340 2965 erat
1376 2917 1592 2981 religioni
1638 2925 1687 2966 et
1736 2918 2042 2983 hospitalitati
2110 2920 2364 2969 admodum
2420 2922 2617 2978 deditus,

688 3014 735 3054 et
776 3005 912 3054 bonis
948 3004 1197 3069 operibus;
1237 3021 1390 3068 neque
1426 3004 1565 3053 aliter
1600 3021 1742 3068 quam
1779 3005 1845 3054 sol
1879 3006 2179 3070 resplendens
2217 3008 2267 3055 in
2306 3008 2483 3071 templo
2529 3009 2617 3057 Dei

687 3092 874 3148 refulsit,
915 3100 998 3141 aut
1033 3093 1144 3140 thus
1182 3093 1352 3142 ardens
1401 3093 1451 3141 in
1490 3092 1627 3157 igne:
1677 3099 1779 3142 erat
1824 3093 1868 3142 ei
1912 3094 2029 3142 fides
2083 3093 2399 3158 integerrima,
2450 3102 2499 3142 et
2549 3095 2618 3142 in-

687 3180 879 3245 genium
915 3180 1127 3229 veritatis
1160 3180 1342 3245 semper
1359 3179 1752 3238 ‚amantiflimum,
1800 3187 1850 3228 et
1906 3187 2096 3244 praeter
2133 3180 2279 3228 vitam
2325 3196 2433 3228 vere
2489 3183 2618 3244 apos-

690 3267 893 3322 tolicam,
931 3267 1132 3331 ingenio,
1167 3267 1398 3324 facundia,
1438 3274 1487 3317 et
1526 3266 1791 3316 eruditione
1830 3265 2092 3330 multiplici,
2135 3282 2297 3314 omnes
2341 3274 2617 3317 coaetaneos

689 3356 827 3419 longe
851 3352 1110 3417 superabat.
1179 3353 1367 3418 Scripfit
