2938 3900
968 464 1056 508 DE
1101 464 1564 510 SCRIPTORIBUS
1614 464 1840 508 SCOTIS.
2310 473 2393 527 127

433 596 521 644 bus
573 598 718 647 ortuS,
759 597 808 639 et
847 590 1025 640 ibidem
1067 591 1128 640 ad
1158 591 1461 656 juventutem
1500 590 1551 639 in
1590 590 1727 640 bonis
1768 590 1920 640 literis
1963 596 2012 639 et
2047 591 2138 656 piis
2175 595 2385 646 moribus

434 680 621 746 egregie
659 679 908 728 institutus
977 679 1145 728 Postea
1179 686 1374 744 propter
1412 695 1635 743 magnam
1678 678 1856 744 ingenii
1895 678 2024 743 spem
2064 679 2383 746 Andreapolin

433 770 495 818 ad
528 769 699 818 altiora
732 767 881 816 studia
913 765 1086 824 miffus,
1121 768 1247 816 inter
1280 767 1386 815 suos
1420 766 1546 831 quafi
1585 766 1826 831 supremus
1860 766 2078 825 emerfit3
2115 768 2184 818 ita
2216 769 2384 819 charis-

434 864 564 905 mata
594 856 791 905 meliora
826 855 1104 912 aemulatus,
1143 861 1198 903 ut
1238 854 1582 904 commilitones
1620 854 1726 904 suos
1763 871 1925 904 omnes
1962 856 2160 906 haberet
2194 857 2384 922 quidem

433 951 680 1001 amatores,
716 961 804 993 nec
835 960 931 992 non
965 950 1014 991 et
1049 943 1371 999 admiratores,
1407 941 1707 1006 superiorem,
1742 950 1825 992 aut
1854 943 1999 993 etiam
2030 959 2207 1008 parem,
2242 946 2383 1010 plane

435 1032 686 1080 neminem.
767 1031 832 1079 Et
870 1030 1078 1095 primum
1109 1029 1451 1095 philosophicis,
1489 1029 1657 1078 deinde
1688 1030 1976 1095 theologicis,
2015 1038 2116 1080 tam
2150 1032 2383 1082 strenuam

434 1119 632 1167 navavit
663 1134 870 1182 operam,
915 1124 964 1166 et
1003 1117 1054 1165 in
1096 1116 1305 1180 utrisque
1352 1123 1452 1165 tam
1498 1116 1722 1182 insignem
1766 1117 2008 1182 acquifivit
2052 1119 2380 1185 cognitionem,

433 1213 488 1255 ut
524 1222 610 1270 per
641 1206 817 1271 gradus
847 1205 1079 1270 paulatim
1111 1203 1378 1261 ascendenS,
1420 1206 1616 1254 tandem
1650 1206 1904 1271 theologici
1937 1207 2189 1272 magisterii
2228 1208 2382 1273 supre-

435 1311 564 1343 mam
600 1295 799 1358 adeptus
839 1292 984 1342 fuerit
1022 1292 1247 1349 lauream,
1289 1292 1541 1356 omnesque
1578 1293 1756 1342 literati
1795 1294 1885 1342 viri
1922 1293 2090 1343 titulos
2125 1295 2297 1344 merito
2337 1296 2381 1344 ei

436 1379 715 1429 solennitate
763 1380 967 1444 quadam
1013 1378 1210 1427 oblatos.
1300 1364 1419 1427 Erat
1457 1380 1683 1444 fiquidem
1727 1379 1916 1445 ingenio
1940 1388 2060 1446 ¹tam
2098 1381 2235 1439 felici,
2280 1389 2381 1432 tam

435 1467 593 1517 tenaci
628 1466 870 1524 memoria,
911 1473 966 1514 ut
1003 1482 1285 1530 quocunque
1323 1466 1371 1514 se
1411 1466 1546 1516 daret
1581 1467 1649 1527 (et
1686 1467 1857 1531 quibus
1892 1467 2145 1532 disciplinis
2179 1469 2383 1518 honestis

437 1555 484 1605 se
524 1572 620 1604 non
660 1555 791 1604 dedit
810 1557 848 1620 22)
896 1554 1056 1603 omnia
1095 1553 1362 1618 perciperet
1403 1561 1452 1602 et
1496 1549 1930 1618 comprehenderet,
1970 1555 2066 1604 imo
2105 1556 2155 1604 in
2194 1555 2383 1621 fingulis

436 1642 556 1691 adeo
595 1643 861 1698 excelleret,
903 1649 958 1689 ut
997 1638 1283 1689 doctiffimos
1318 1641 1524 1705 quosque
1560 1642 1610 1689 in
1645 1642 1855 1706 qualibet
1893 1642 2069 1691 artium
2104 1642 2380 1707 profeffione

358 1752 361 1756 ·
437 1736 677 1794 aequaret.
768 1729 855 1776 Vir
905 1744 1015 1776 vere
1065 1728 1299 1792 pacificus,
1356 1728 1528 1793 quippe
1578 1728 1660 1793 qui
1705 1735 1754 1778 et
1799 1745 1907 1777 cum
1952 1731 2170 1779 omnibus
2214 1747 2380 1796 pacem

434 1817 611 1866 habere
640 1816 842 1872 studuit3
878 1816 930 1863 in
960 1815 1018 1864 iis
1050 1831 1171 1879 quae
1207 1815 1372 1863 mundi
1405 1814 1511 1864 sunt
1547 1816 1667 1864 mire
1701 1815 1899 1880 fimplex
1932 1824 1981 1865 et
2014 1816 2249 1875 innocenS,
2280 1819 2379 1883 pie-

434 1912 548 1961 tate,
596 1905 721 1954 vitae
766 1903 1088 1961 sanctimonia,
1136 1903 1446 1960 humanitate,
1491 1903 1784 1968 benignitate
1826 1920 1940 1969 erga
1977 1921 2152 1962 omnes,
2193 1922 2247 1954 ac
2292 1906 2378 1954 im-

436 1993 602 2058 primis
646 1992 1029 2058 incomparabilis
1067 1991 1317 2040 modestiae
1356 1991 1586 2055 exemplo,
1627 2008 1724 2039 non
1769 1991 1910 2039 modo
1956 1992 2166 2049 caeteris,
2213 2008 2377 2042 verum

436 2079 581 2128 etiam
626 2080 771 2144 seipso
815 2079 1040 2144 superior,
1086 2079 1276 2144 ingenio
1328 2078 1523 2136 subtilis,
1561 2078 1741 2143 judicio
1784 2078 1970 2136 solidus,
2016 2079 2204 2143 eloquio
2249 2079 2378 2129 scho-

436 2168 632 2216 lasticus.
714 2166 915 2216 Acceffit
960 2168 1021 2215 ad
1065 2167 1152 2215 has
1197 2173 1395 2216 naturae
1435 2166 1570 2214 dotes
1616 2166 1852 2223 industria,
1899 2174 1948 2215 et
1992 2165 2221 2216 assiduum
2255 2184 2376 2231 pene

436 2272 522 2319 per
551 2239 710 2304 *totam
753 2255 900 2304 vitam
946 2254 1123 2319 ingenii
1168 2254 1518 2318 memoriaeque
1565 2254 1856 2311 exercitium,
1899 2262 1947 2303 et
1992 2271 2088 2304 non
2127 2254 2377 2319 indiligens

435 2343 657 2398 cultura3
709 2349 764 2391 ut
818 2342 900 2390 suo
954 2340 1109 2390 seculo
1163 2341 1244 2389 vix
1297 2340 1518 2404 cuiquam
1572 2342 1802 2391 secundus
1856 2343 2046 2391 habitus
2102 2342 2168 2392 fit.
2260 2343 2377 2393 Erat

435 2430 672 2479 sacrarum
723 2430 971 2479 literarum
1028 2428 1289 2494 explicator
1343 2427 1662 2478 solertiffimus
1711 2435 1759 2480 et
1808 2428 2105 2486 fideliffimus,
2164 2429 2377 2479 veritatis

435 2518 642 2566 caelestis
671 2524 900 2581 patronus
929 2516 1161 2581 imprimis
1199 2516 1424 2572 strenuuS,
1461 2516 1746 2579 optimarum
1782 2515 2129 2580 disciplinarum
2163 2532 2272 2564 cum
2304 2517 2374 2566 in-

435 2605 667 2654 staurator
704 2611 810 2652 tum
854 2604 1165 2653 conservator.
1251 2603 1416 2651 Poefin
1459 2609 1678 2651 accurate
1725 2602 1899 2659 calluit,
1945 2603 2231 2652 rhetoricam
2276 2614 2374 2653 om—

435 2708 639 2756 nemque
694 2692 963 2756 politiorem
1020 2691 1299 2747 dofitrinam,
1355 2706 1517 2739 omnes
1572 2697 1698 2739 artes
1754 2691 1983 2747 liberales,
2042 2689 2261 2755 physicen
2325 2698 2373 2740 et

435 2779 676 2836 mathefin,
708 2797 805 2828 non
833 2797 863 2828 a
892 2779 1057 2827 rivulis
1090 2777 1298 2834 sordidis,
1330 2777 1410 2826 sed
1440 2794 1500 2825 ex
1536 2777 1785 2842 puriffimis
1814 2778 2034 2835 fontibUS,
2070 2779 2159 2827 hoc
2193 2779 2268 2835 est,
2314 2796 2373 2827 ex

437 2867 630 2917 Graecis
670 2874 718 2915 et
765 2866 945 2915 Latinis
996 2865 1270 2914 auctoribus
1326 2865 1501 2929 primis,
1558 2865 1738 2914 haufit:
1784 2866 2073 2914 astronomus
2117 2867 2255 2931 longe
2290 2883 2372 2914 no-
2455 2892 2458 2895 ·

435 2952 632 3002 tiffimus
691 2961 739 3002 et
798 2951 1082 3009 clariffimus,
1147 2952 1472 3002 arithmeticus
1532 2960 1581 3001 et
1631 2960 1875 3017 geometra
1935 2952 2134 3018 infignis,
2195 2961 2251 3001 ut
2312 2970 2372 3002 ex

434 3041 616 3106 scriptis
684 3041 847 3105 liquet.
943 3041 1149 3089 Graecas
1201 3046 1250 3088 et
1304 3040 1546 3090 Hebraeas
1601 3040 1762 3089 literas
1817 3041 2028 3105 apprime
2085 3042 2259 3097 calluit,
2322 3041 2372 3089 in

427 3129 808 3193 jurisprudentia,
848 3128 1245 3193 quemadmodum
1286 3135 1333 3176 et
1378 3128 1428 3175 in
1472 3128 1723 3192 theologia,
1766 3123 2106 3192 praeeminuit3
2156 3129 2282 3177 unde
2322 3128 2372 3176 in

435 3217 653 3282 suprema
691 3218 822 3266 curia
861 3217 943 3265 diu
978 3215 1204 3264 senatoris
1238 3231 1411 3263 munus
1444 3215 1618 3264 obibat.
1689 3215 1763 3265 Ob
1805 3215 2085 3279 fingularem
2122 3216 2363 3281 pietatem,

434 3305 713 3363 do6trinam,
758 3304 1165 3369 prudentiamque,
1206 3319 1292 3367 per
1342 3301 1678 3359 Cathanefiam,
1720 3303 1957 3352 Orcadum
2002 3310 2050 3352 et
2095 3304 2366 3354 Zetlandiae
