2938 3900
611 483 668 522 84
1144 474 1230 516 DE
1274 474 1734 518 SCRIPTORIBUS
1780 474 2004 517 SCOTIS.

1190 706 1277 754 DE
1310 705 1566 754 JOANNE
1601 704 1957 753 CUNIGAMO.

610 866 841 914 JOANNES
902 861 1220 915 Cumanam,
1280 858 1457 907 ordinis
1532 858 1840 906 Cal-melitani
1896 858 2156 907 monachus
2212 859 2262 907 in
2318 861 2546 908 coenobio

612 947 973 1016 Gippeswecenfi
1018 947 1270 996 comitatus
1309 944 1614 1001 Suffokenfis,
1656 945 1703 993 S.
1741 944 2008 1009 theologiae
2048 945 2218 994 doe'cor
2258 946 2545 1002 OxonienfiS,

611 1047 658 1087 et
704 1037 894 1086 tandem
932 1035 1079 1085 totius
1116 1034 1294 1083 ordinis
1332 1034 1400 1083 sui
1439 1050 1526 1098 per
1572 1032 1795 1097 Angliam
1836 1038 1884 1080 et
1926 1032 2206 1081 Hiberniam
2249 1035 2548 1098 provincialis

611 1123 846 1173 vicelimus
878 1123 1058 1188 primus
1090 1122 1151 1170 ad
1184 1138 1332 1170 annos
1365 1121 1587 1186 quinque,
1611 1119 1803 1167 natione
1838 1119 2020 1175 Scottis,
2047 1119 2096 1167 in
2120 1119 2313 1169 Caricta.
2345 1121 2547 1169 honestis

610 1211 881 1276 parentibus
920 1209 1158 1265 oriundus,
1203 1207 1471 1258 adolescens
1509 1209 1660 1256 bonae
1701 1206 1871 1255 indolis
1911 1223 2006 1255 non
2047 1207 2189 1255 modo
2234 1207 2545 1271 eloquentiae,

611 1315 772 1346 verum
816 1297 960 1346 etiam
1005 1296 1292 1345 naturalium
1335 1312 1496 1344 rerum
1542 1294 1799 1359 cognitioni
1844 1294 2062 1344 adhibuit
2107 1311 2331 1359 operam;
2388 1295 2546 1359 postea

610 1386 837 1435 maturior
900 1385 1034 1434 annis
1087 1384 1343 1433 studiorum
1405 1384 1563 1433 ardori
1635 1382 1753 1430 nihil
1817 1380 2004 1439 remifit,
2072 1382 2151 1430 sed
2216 1382 2264 1430 in
2322 1382 2545 1446 Angliam

611 1473 808 1521 vicinam
853 1471 1038 1536 ejusque
1081 1471 1370 1520 academiam
1416 1471 1654 1519 Oxonium
1700 1470 1901 1535 impiger
1942 1469 1988 1519 se
2029 1470 2243 1526 contulit,
2297 1470 2545 1518 ulteriores

611 1560 782 1623 ingenii
817 1558 971 1607 cultus
1003 1558 1217 1623 capiendi
1254 1557 1402 1606 causa.
1493 1557 1585 1606 Hic
1624 1557 1770 1623 igitur
1807 1557 1888 1606 ille
1928 1557 2088 1606 studiis
2127 1557 2400 1606 liberalibus
2440 1574 2545 1605 eam

612 1648 810 1696 navabat
854 1662 1058 1710 operam,
1111 1653 1163 1693 ut
1218 1645 1343 1694 inter
1386 1644 1705 1709 philosophiae
1751 1646 2026 1695 candidatos
2078 1646 2344 1710 complures
2389 1646 2544 1694 locum

611 1734 969 1797 consequeretur
1007 1732 1224 1797 primum.
1297 1731 1620 1780 Renunciatus
1655 1740 1817 1782 autem
1852 1733 2029 1781 solenni
2065 1733 2413 1782 academiarum
2448 1732 2544 1780 ritu

610 1822 782 1869 artium
830 1821 1113 1885 optimarum
1165 1820 1395 1884 magister,
1444 1820 1526 1868 uni
1583 1820 1802 1885 deinceps
1853 1820 2121 1885 theologiae
2166 1820 2212 1868 1e
2263 1826 2419 1868 totum
2465 1820 2545 1868 de-

611 1910 740 1965 didit,
790 1909 1126 1976 philosophicis
1172 1909 1361 1957 interim
1406 1908 1566 1957 studiis
1610 1908 1728 1956 nihil
1771 1915 1855 1956 aut
1900 1925 2069 1973 parum
2114 1908 2397 1964 remittens;
2458 1925 2543 1956 nec

612 1997 760 2044 multo
799 1996 896 2060 post
931 2003 1143 2060 tempore
1184 1995 1410 2044 summam
1448 1996 1497 2043 in
1537 2002 1738 2060 utraque
1777 1994 1971 2044 scientia
2009 1995 2229 2060 peritiam
2269 1995 2544 2043 consecutus

612 2084 686 2131 est.
756 2083 840 2130 Vir
871 2083 1105 2147 speciatae
1137 2090 1239 2131 tum
1271 2083 1547 2131 eruditionis
1577 2090 1681 2132 tum
1713 2083 1916 2148 pietatis,
1954 2090 2003 2132 et
2038 2082 2340 2148 philosophus
2372 2083 2541 2147 gravis,

613 2170 857 2234 theologus
901 2170 1100 2226 sanctus,
1155 2171 1341 2234 ingenio
1393 2178 1571 2226 acutuS‚
1618 2171 1667 2219 in
1712 2172 1854 2220 rebus
1901 2171 2202 2220 discutiendis
2245 2171 2438 2227 subtilis,
2494 2172 2541 2218 in

614 2256 917 2319 dijudicandis
954 2255 1135 2312 solidus,
1172 2257 1377 2320 prudens
1415 2256 1615 2313 consilio,
1653 2258 1702 2305 in
1740 2259 1924 2322 agendo
1957 2259 2137 2314 dexter,
2175 2259 2303 2306 omni
2338 2258 2542 2321 denique

614 2342 897 2405 optimarum
952 2342 1195 2391 literarum
1240 2342 1528 2406 supellefifile
1574 2345 1761 2409 egregie
1806 2345 2071 2401 instrutstua
2117 2345 2291 2409 partim
2340 2345 2539 2400 virtutis,

614 2429 785 2493 partim
842 2429 1084 2478 doctrinae
1137 2430 1290 2486 titulo,
1350 2430 1474 2479 inter
1527 2431 1729 2480 summos
1785 2432 2031 2481 literarum
2087 2432 2316 2481 antistites
2378 2434 2543 2496 reponi

615 2515 799 2563 meruit.
898 2516 1136 2564 Patronis‘
1167 2516 1505 2566 excellentibus
1561 2517 1680 2574 usus,
1734 2519 1985 2583 praecipue
2036 2536 2148 2568 vero
2192 2520 2377 2569 Joanne
2424 2520 2543 2568 Lan-

614 2602 802 2651 castriae
842 2610 891 2651 et
928 2603 1212 2666 Aquitaniae
1249 2604 1396 2653 duce:
1435 2622 1576 2669 quem
1615 2605 1759 2654 etiam
1792 2606 1852 2654 ad
1887 2606 2012 2655 vitae
2046 2608 2189 2655 finem
2229 2607 2310 2656 fibi
2352 2615 2400 2655 et
2436 2624 2544 2655 con-

606 2690 709 2754 jugi
743 2706 773 2738 a
806 2688 1135 2739 confeffionum
1166 2691 1354 2740 secretis
1381 2692 1503 2741 fecit.
1573 2692 1663 2740 IIic
1699 2691 1842 2741 etiam
1874 2692 2055 2756 primus
2087 2692 2218 2742 fuiffe
2253 2694 2540 2758 perhibetur,

614 2794 642 2824 a
675 2776 884 2826 Valdeno
915 2777 963 2825 in
998 2777 1294 2827 Zizaniorum
1331 2778 1581 2837 Fasciculo,
1610 2779 1691 2843 qui
1724 2779 1774 2827 in
1805 2795 1998 2829 arenam
2033 2781 2408 2830 scholasticorum
2443 2800 2543 2831 cer-

613 2863 843 2912 taminum
876 2871 1041 2913 contra
1075 2865 1335 2914 Wiclevum
1370 2867 1620 2923 descendit,
1652 2867 1778 2930 quod
1810 2867 2001 2932 quidem
2038 2870 2242 2918 modeste
2278 2877 2326 2919 et
2363 2869 2542 2919 summo

616 2951 659 2997 in
707 2950 902 2999 dicendo
953 2951 1154 3000 candore
1206 2953 1330 3010 fecit,
1386 2954 1645 3004 admiratus
1689 2953 1739 3002 in
1784 2971 1841 3003 eo
1886 2955 2131 3006 doctrinae
2177 2957 2540 3007 excellentiam:

615 3054 698 3085 nec
750 3037 922 3087 limites
970 3039 1300 3104 egrediebatur
1350 3041 1585 3090 Wiclevus
1636 3039 1856 3098 viciflim;
1906 3049 1958 3091 ut
2009 3044 2188 3092 rectius
2235 3045 2427 3094 tandem
2474 3043 2540 3092 sa-

615 3131 757 3185 peret,
794 3124 1035 3174 instantius
1075 3125 1331 3175 Dominum
1369 3128 1664 3192 precabatur.
1747 3131 1839 3180 Hic
1872 3139 2031 3182 autem
2071 3134 2282 3183 «Ioannes
2319 3133 2539 3182 literariis

615 3209 925 3258 monumentis
967 3210 1096 3260 suam
1142 3212 1315 3261 famam
1361 3213 1554 3277 posteris
1602 3218 1983 3277 commendavit;
2029 3221 2155 3270 inter
2198 3220 2293 3270 alia
2336 3237 2538 3285 namque

616 3293 814 3359 plurima
836 3311 979 3359 opera
1000 3297 1116 3347 haec
1140 3298 1379 3362 sequentia
1401 3300 1449 3348 in
1473 3301 1625 3351 lucem
1649 3304 1823 3352 emifit:
