2938 3900
548 385 607 427 38
1088 388 1175 431 DE
1222 387 1556 435 SCRIPTORI
1564 392 1680 436 BUS
1725 393 1948 438 SCOTIS.

749 511 980 577 Epistolas
1001 513 1062 561 ad
1085 514 1302 571 diversOS,
1326 515 1405 564 lib.
1431 529 1464 563 1.

749 600 808 648 In
835 599 1135 665 [secundam]
1161 603 1419 652 editionem
1441 603 1631 660 Donati,
1655 605 1734 654 lib.
1760 620 1792 654 1.

750 688 808 735 In
830 687 1056 736 Prisciani
1078 689 1313 746 volumen,
1338 689 1418 739 lib.
1442 704 1475 738 1.

750 775 974 824 Carmina
994 775 1158 825 diversi
1181 777 1380 842 generis,
1399 776 1479 826 lib.
1503 791 1537 825 1.

552 863 714 911 Edidit
770 871 820 912 et
870 864 1096 928 HymnOS,
1155 866 1327 930 quibus
1382 865 1574 915 ecclefia
1617 867 1769 916 utitur
1812 869 1939 933 apud
1983 870 2261 933 pontificios,
2307 871 2498 928 scilicet,

554 958 579 976 ‘⁶
594 949 750 998 Hostis
784 950 999 999 Herodes
1035 951 1217 1016 impie,'’
1252 959 1301 1001 et
1336 960 1362 979 “
1377 953 1422 1001 A
1459 952 1583 1002 Solis
1612 961 1746 1003 ortus
1779 955 2007 1012 cardine,’'
2040 963 2184 1021 atque
2218 958 2312 1007 alia
2345 959 2494 1023 plura.

553 1038 644 1086 Hic
689 1039 896 1095 tandem,
943 1046 998 1088 ut
1044 1040 1319 1104 Sigebertus
1362 1041 1535 1098 scribit,
1576 1041 1819 1106 episcopus
1864 1042 2109 1092 ordinatus
2151 1043 2255 1101 fuit,
2300 1043 2380 1093 sed
2423 1061 2498 1093 ec-

552 1124 736 1175 clefiam
773 1126 848 1174 vel
887 1129 1055 1176 urbem
1095 1129 1178 1177 ubi
1214 1146 1309 1178 non
1351 1130 1588 1195 exprimit.
1680 1130 1864 1179 Claruit
1905 1147 2030 1179 anno
2070 1131 2240 1180 Christi
2279 1134 2379 1181 434
2413 1131 2497 1181 sub

554 1213 750 1263 Caesare
790 1214 1046 1264 Theodofio
1075 1215 1279 1279 juniore,
1315 1216 1538 1282 Fergufio
1572 1218 1789 1267 Secundo
1827 1219 1876 1267 in
1917 1219 2077 1268 Scotia
2111 1227 2353 1284 regnante.
2426 1221 2498 1269 De

553 1303 643 1351 hoc
666 1302 866 1352 auctore
889 1304 1028 1368 plura
1050 1304 1260 1354 scribunt
1285 1306 1561 1370 Sigebertus
1583 1313 1632 1355 et
1655 1307 1851 1356 Bostius.

1149 1503 1237 1550 DE
1289 1503 1536 1553 SANCTO
1587 1502 1907 1551 PATRICIO.

554 1656 844 1711 Puni-oms,
892 1656 1214 1705 Hibernorum
1260 1657 1521 1722 ApostoluS,
1567 1655 1759 1704 natione
1813 1655 1995 1710 Scotus
2041 1655 2102 1704 ad
2155 1655 2395 1720 Kilpatrik
2450 1657 2498 1705 in

555 1743 715 1791 Scotia
754 1745 818 1790 22
856 1743 932 1791 die
981 1744 1178 1808 Augusti
1216 1743 1265 1792 in
1306 1744 1460 1792 lucem
1497 1743 1664 1799 editus,
1704 1744 1765 1791 ab
1800 1742 1993 1791 ineunte
2033 1749 2190 1791 aetate
2225 1760 2254 1791 a
2291 1745 2498 1807 parenti-

554 1833 641 1879 bus
686 1832 826 1880 sacris
870 1832 1020 1880 literis
1068 1832 1275 1881 traditur
1321 1832 1615 1881 imbuendus.
1708 1830 1811 1895 Ipse
1865 1847 1978 1879 vero
2023 1831 2234 1879 animum
2282 1832 2498 1882 adhibuit

555 1917 799 1966 literarum
840 1918 1012 1975 studiis,
1058 1919 1311 1983 praecipue
1350 1926 1512 1967 tamen
1547 1919 1749 1984 psalmis,
1795 1918 1994 1984 hymnis,
2035 1926 2086 1967 et
2130 1919 2325 1968 canticis
2370 1920 2498 1985 spiri-

553 2005 760 2054 tualibus
813 2006 1054 2063 discendis,
1106 2006 1155 2054 in
1202 2007 1396 2071 jejuniis
1449 2014 1498 2055 et
1550 2007 1722 2072 vigiliis
1771 2007 1946 2063 multis,
1992 2023 2048 2055 ac
2092 2007 2182 2072 piis
2227 2007 2497 2057 sanctorum

554 2094 770 2141 laborum
816 2094 1055 2143 exercitiis
1100 2111 1271 2159 corpus
1319 2102 1538 2144 tenerum
1593 2103 1855 2144 conterens.
1938 2095 2091 2144 Simul
2135 2111 2190 2144 ac
2236 2096 2331 2160 iple
2378 2113 2498 2161 puer

554 2181 739 2231 sextum
790 2181 1027 2230 decimum
1072 2181 1298 2247 attigisset
1352 2200 1544 2239 annum,
1591 2199 1699 2230 cum
1744 2182 1848 2231 aliis
1899 2182 2115 2246 pluribus
2171 2183 2495 2247 compatriotis

555 2286 584 2316 a
635 2269 803 2333 piratis
857 2270 976 2317 fines
1031 2269 1137 2318 illos
1187 2269 1556 2334 depredantibus
1610 2269 1805 2334 rapitur,
1858 2276 1907 2317 et
1951 2269 2002 2316 in
2042 2269 2322 2318 Hiberniam
2367 2270 2496 2318 duci-

554 2363 646 2404 tur.
738 2357 905 2405 Postea
948 2373 978 2405 a
1021 2355 1246 2405 servitute
1302 2357 1531 2405 liberatus
1575 2356 1625 2403 in
1670 2355 1968 2404 Britanniam
2019 2355 2173 2411 rediit,
2220 2357 2303 2405 ubi
2349 2358 2495 2405 bonas

555 2445 717 2493 literas
753 2444 890 2492 avide
935 2443 1228 2508 scienterque
1274 2444 1449 2492 discere
1494 2442 1663 2507 coepit,
1709 2441 1900 2506 optimis
1943 2441 2052 2490 usus
2095 2443 2492 2508 praeceptoribus,

555 2534 636 2598 qui
675 2533 938 2581 Martinum
981 2532 1266 2581 avunculum
1312 2532 1481 2597 primo,
1528 2536 1578 2579 et
1617 2529 1908 2578 Germanum
1955 2529 2366 2580 Altifiodorensem
2413 2548 2495 2579 an-

553 2621 746 2670 tistitem
776 2621 945 2685 postea,
986 2620 1102 2669 dum
1140 2620 1220 2669 ille
1261 2620 1518 2669 Britannos
1555 2634 1586 2667 a
1623 2616 1880 2681 Pelagiana
1916 2616 2093 2666 haerefi
2132 2618 2370 2675 liberaret,
2409 2635 2496 2684 per

554 2710 730 2758 multos
784 2724 933 2758 annos
976 2715 1306 2773 praeceptores
1362 2688 1659 2757 observavit:
1727 2721 1758 2753 a
1808 2704 2023 2754 Palladio
2076 2705 2325 2762 institutus,
2379 2706 2494 2755 teste

554 2797 859 2846 Buchanano.
924 2796 1109 2845 Deinde
1149 2795 1200 2844 in
1237 2795 1443 2861 patriam
1483 2793 1670 2843 rediens
1705 2792 1767 2840 ad
1801 2791 2123 2841 Glastoniense
2161 2793 2493 2843 monasterium

553 2882 740 2940 seceffit,
786 2883 946 2948 ibique
985 2883 1093 2947 plus
1129 2899 1272 2947 quam
1299 2882 1435 2931 annis
1473 2880 1671 2945 triginta
1703 2879 1836 2927 vixit.
1906 2880 2115 2929 Tandem
2149 2881 2352 2930 Romam
2385 2897 2493 2945 pro-

552 2972 719 3027 feEtus,
777 2971 838 3019 ad
886 2969 1125 3018 Hibernos
1176 2968 1403 3018 insulares
1445 2986 1475 3017 a
1520 2967 1780 3017 Caelestino
1833 2968 1997 3017 Primo
2043 2969 2226 3017 Romae
2269 2968 2491 3032 pontifice

553 3058 785 3123 apostolus
824 3058 1116 3114 mittebatur,
1157 3074 1266 3105 cum
1312 3057 1503 3123 Segetio
1547 3054 1830 3128 presbytero,
1872 3055 1955 3119 qui
1995 3055 2277 3121 Pelagianoe
2315 3055 2491 3104 haerefi

554 3146 603 3193 in
643 3146 850 3194 Scotiam
895 3145 1149 3209 pullulanti
1194 3144 1382 3193 obviam
1426 3144 1531 3199 iret,
1576 3142 1677 3207 post
1717 3142 1983 3191 Palladium
2027 3140 2319 3190 defunctum.
2396 3142 2491 3190 Sed

552 3232 795 3297 postquam
831 3231 897 3280 ibi
935 3230 1146 3280 haerefin
1185 3230 1316 3280 illam
1361 3228 1647 3285 eradicaffet,
1687 3235 1737 3278 et
1777 3229 1945 3278 sacella
1989 3227 2120 3277 varia
2157 3226 2402 3286 fundaffen
2441 3229 2490 3277 in
