2938 3900
590 432 647 475 18
1114 431 1201 475 DE
1251 431 1713 478 SCRIPTORIBUS
1763 432 1995 476 sco'rls.

787 555 1162 622 Descriptionem
1184 555 1384 613 scotiae,
1406 571 1503 605 una
1522 571 1633 605 cum
1655 555 1848 606 Tabella
1868 557 2220 622 topographia,

588 650 639 693 et
674 644 780 702 alia,
821 645 1002 694 Romae
1037 642 1266 708 imprefl'a..
1334 642 1466 694 Obiit
1497 658 1623 693 anno
1663 644 1807 699 1596,
1845 643 1961 692 dum
1995 643 2204 695 «Iacobus
2248 645 2422 695 Sextus
2456 662 2529 694 re-

586 732 747 796 gimen
770 732 958 782 Scotiae
981 731 1242 781 inchoaret.

1091 925 1180 974 DE
1213 925 1519 975 ROBERTO
1553 912 2011 975 CONSTANTINO.

591 1081 864 1130 Ronm'rus
903 1079 1307 1135 Comum-mue,
1347 1077 1464 1127 alias
1503 1078 1740 1135 Constant,
1785 1095 1846 1128 ex
1886 1078 2055 1128 Fifana
2083 1080 2336 1145 ‘provincia
2373 1082 2532 1131 oriun-

591 1168 690 1224 dus
753 1184 863 1229 cum
918 1167 1202 1216 maturiores
1248 1166 1359 1215 anni
1413 1173 1744 1231 praeceptores
1795 1167 2054 1231 poscerent,
2110 1169 2172 1217 ad
2228 1169 2531 1219 Andreanam

591 1255 896 1305 Academiam
936 1255 1002 1304 est
1034 1253 1206 1310 miffus,
1244 1254 1326 1303 ubi
1361 1254 1723 1318 quadriennium
1761 1253 2082 1319 philosophiae
2115 1255 2322 1313 studuit;
2362 1256 2532 1306 deinde

592 1344 733 1393 titulo
771 1343 1023 1408 magisterii
1060 1341 1307 1407 insignitus
1345 1342 1396 1390 in
1435 1341 1640 1391 Galliam
1679 1342 1745 1391 est
1783 1343 2037 1407 profe8ms,
2078 1344 2140 1393 ad
2173 1345 2344 1394 altiora
2382 1346 2531 1395 studia

592 1430 926 1496 prosequenda.
991 1430 1079 1478 Vir
1111 1429 1355 1494 fingularis
1390 1429 1668 1479 eruditionis
1698 1437 1748 1479 et
1776 1430 2062 1496 diligentiae,
2094 1431 2445 1482 Dictionarium
2473 1451 2532 1482 ex

594 1519 804 1567 Homero
843 1518 1046 1582 collegit,
1086 1516 1279 1581 aliisque
1330 1517 1524 1566 Graecis
1567 1519 1732 1581 poetis,
1777 1519 1988 1568 nondum
2033 1520 2268 1577 excusum,
2324 1522 2534 1571 Graecae

593 1606 802 1671 Linguae
837 1605 1126 1654 Thesaurum
1159 1605 1445 1670 recognovit,
1477 1611 1527 1653 et
1561 1605 1610 1653 in
1643 1605 1806 1655 multis
1837 1606 1952 1655 locis
1985 1607 2131 1664 auxit,
2169 1607 2238 1657 ita
2270 1615 2325 1657 ut
2358 1625 2534 1657 novum

593 1711 711 1760 opus
733 1695 1081 1759 quodammodo
1103 1694 1357 1743 videretur.
1426 1691 1621 1757 Scripfit

793 1783 1205 1832 Nomenclatorem
1227 1781 1475 1831 illustrium
1499 1780 1807 1844 Scriptorum.

757 1880 768 1892 ⁶
794 1869 1122 1920 correctiones
1159 1870 1472 1926 Lemmatum‚
1509 1875 1558 1918 et
1603 1867 1949 1917 Annotationes
1994 1868 2044 1917 in
2088 1869 2263 1919 librum
2303 1870 2535 1919 Dioscori-

861 1957 934 2007 dis
954 1975 965 2006 τ
989 1974 1098 2006 cum
1121 1957 1285 2007 Amati
1306 1955 1655 2006 annotamentis
1677 1955 1727 2005 in
1750 1956 1967 2006 eundem.

792 2043 1187 2108 supplementum
1226 2043 1437 2109 Linguae
1473 2043 1683 2101 Latinae,
1714 2044 1796 2094 seu
1829 2044 2180 2095 Dictionarium
2219 2046 2534 2097 abstrusorum

862 2132 1226 2180 Vocabulorum.

597 2217 780 2266 Claruit
844 2235 969 2267 anno
1020 2219 1268 2269 intimatae
1322 2219 1452 2284 pacis
1513 2219 1811 2283 evangelicae
1876 2222 2019 2276 1558,
2082 2228 2312 2286 regnante
2385 2223 2537 2271 Maria

599 2304 796 2369 Regina.

1158 2500 1247 2549 DE
1281 2500 1629 2551 HADRIANO
1662 2503 1982 2554 TURNEBO.

600 2652 911 2701 HAnmANus
949 2652 1236 2711 Tuumne,
1275 2654 1392 2704 alias
1430 2654 1702 2714 Turnebull,
1741 2672 1803 2707 ex
1840 2657 2020 2707 familia
2053 2658 2450 2708 Turnebullorum
2490 2661 2541 2708 in

599 2739 882 2790 Liddisdalia
911 2739 1099 2790 Scotiae
1132 2741 1375 2806 provincia
1407 2742 1648 2803 oriundus,
1682 2745 1817 2809 cujus
1850 2744 2162 2796 anteceffores
2190 2748 2252 2797 ab
2284 2748 2542 2797 evertendo

599 2836 739 2878 tauro
779 2828 829 2878 in
873 2829 1132 2879 certamine
1175 2830 1266 2882 hoc
1308 2847 1483 2882 nomen
1539 2832 1775 2884 consecuti
1819 2832 1940 2890 sunt,
1996 2833 2241 2899 postquam
2286 2834 2336 2883 in
2372 2835 2540 2899 juven-

599 2923 716 2972 tute,
756 2932 853 2966 non
891 2915 985 2967 fine
1024 2918 1149 2967 bono
1188 2917 1364 2976 fructu,
1400 2935 1595 2986 operam
1634 2919 1784 2971 literis
1822 2919 2031 2978 dediffet,
2076 2921 2126 2970 in
2170 2921 2350 2972 Gallias
2393 2922 2541 2971 trans-

597 3004 802 3060 fretavit,
825 3004 909 3053 ubi
932 3011 981 3054 et
1003 3004 1191 3063 studuit,
1215 3012 1265 3055 et
1287 3005 1470 3072 scripsit
1578 3014 1582 3018 '

801 3090 1190 3141 Adversariorum
1211 3099 1368 3143 tomos
1390 3094 1521 3146 duos.
2353 3076 2437 3145 ‘sis

604 3176 787 3225 Claruit
808 3194 934 3228 anno
956 3180 1295 3245 redemptionis
1316 3182 1553 3233 humanae
1578 3185 1721 3240 1564,
1741 3188 1973 3247 regnante
1995 3182 2161 3232 Maria.

2472 3191 2475 3193 .
2500 3174 2538 3211 ,,’
2575 3150 2594 3196 a?
2604 3153 2773 3199 ”mc
