2938 3900
588 441 645 483 64
1114 435 1198 477 DE
1250 431 1706 478 SCRIPTORIBUS
1757 430 1981 473 SCOTIS.

586 571 770 613 teneret
808 561 1025 616 Aehaius,
1060 575 1144 607 rex
1179 558 1284 623 pius
1317 563 1366 605 et
1399 554 1652 620 religiosus.
1722 554 1862 602 Hunc
1896 553 2146 602 Claudium
2180 552 2305 601 Galli
2341 551 2515 614 aliique

588 651 833 715 scriptores
853 647 1107 713 plurimum
1130 642 1471 693 commendant.

1162 839 1249 887 DE
1280 838 1312 885 J
1316 837 1490 886 OANN
1494 837 1535 884 E
1569 834 1937 884 MAILROSIO.

586 1001 816 1048 JOANNES
856 997 1183 1048 MA1LR081US‚
1218 991 1476 1040 monachus
1510 989 1688 1038 ordinis
1724 989 1771 1036 S.
1809 988 2072 1044 Benedicti,
2107 989 2267 1036 Bedae
2300 989 2517 1037 monachi

586 1095 634 1135 et
678 1084 886 1134 doctoris
929 1079 1160 1131 clarissimi
1212 1079 1449 1143 quondam
1494 1077 1682 1126 auditor
1726 1083 1869 1140 atque
1919 1075 2185 1141 discipulus,
2231 1077 2422 1126 natione
2470 1086 2518 1125 et

587 1171 860 1238 cognomine
897 1170 1077 1224 Scotus,
1118 1175 1171 1215 ut
1211 1166 1507 1221 Trithemius‚
1554 1165 1720 1229 Major,
1760 1163 1986 1220 Lessaeus,
2029 1164 2216 1220 Baleus,
2263 1172 2313 1213 et
2358 1182 2521 1213 omnes

587 1262 683 1308 sere
718 1256 1025 1307 consentiunt.
1093 1255 1156 1302 Et
1188 1254 1357 1308 Uvion,
1393 1252 1473 1301 lib.
1506 1267 1555 1300 V.
1586 1269 1686 1316 cap.
1725 1266 1842 1300 xcv.
1875 1252 1933 1300 D.
1966 1253 2176 1301 Joannes
2207 1253 2388 1310 Scotus,
2424 1254 2521 1302 dia-

588 1362 732 1394 conus
758 1352 807 1393 et
834 1344 1013 1398 dofitor,
1042 1348 1091 1390 et
1121 1340 1403 1389 Academiae
1437 1338 1698 1388 Parifienfis
1727 1339 1963 1388 fundator.
2022 1341 2144 1388 Item
2175 1339 2446 1390 Poffevinus
2475 1359 2519 1406 p.

589 1435 698 1481 215.
729 1432 949 1487 Joannes,
984 1429 1151 1493 inquit,
1185 1425 1445 1476 Mailrofius
1487 1434 1799 1491 cognomento
1829 1444 1884 1475 ac
1915 1427 2105 1476 natione
2139 1427 2320 1476 Scotus.
2389 1430 2529 1478 Idem'

591 1521 728 1584 plane
767 1518 912 1567 refert
951 1515 1197 1566 Gesnerus.
1266 1514 1459 1578 Collega
1498 1513 1672 1570 Albini,
1714 1521 1768 1562 ut
1807 1514 1952 1563 habet
1992 1515 2291 1572 Trithemius,
2331 1517 2523 1564 veniens

590 1623 697 1654 cum
729 1622 784 1654 eo
815 1605 873 1652 de
903 1603 1150 1652 Britannia
1184 1602 1233 1649 in
1263 1601 1480 1657 Galliam,
1515 1601 1642 1664 apud
1673 1601 1895 1649 Carolum
1930 1601 2264 1666 imperatorem
2295 1603 2522 1668 Magnum

592 1695 637 1741 in
675 1693 827 1757 pretio
862 1691 964 1739 fuit.
1033 1690 1126 1747 Qui
1166 1706 1275 1738 cum
1311 1687 1423 1737 effet
1462 1686 1704 1750 utriusque
1743 1688 1945 1752 linguae,
1978 1689 2187 1738 Graecae
2219 1690 2522 1755 Latinaeque,

591 1777 898 1844 peritisfimus,
938 1778 1142 1842 primum
1181 1776 1404 1841 adjuncto
1438 1774 1524 1823 fibi
1565 1775 1763 1824 Claudio
1803 1776 2060 1832 Clemente,
2099 1784 2408 1828 conterraneo
2442 1778 2524 1828 suo

591 1875 638 1914 et
673 1865 775 1930 pari
811 1865 1028 1914 doctrina
1063 1864 1177 1919 viro,
1215 1863 1371 1927 postea
1410 1862 1612 1910 Alcuino
1652 1869 1701 1909 et
1738 1862 1948 1919 Rabano,
1986 1863 2034 1911 in
2073 1864 2263 1921 Gallias,
2299 1872 2353 1913 ut
2387 1865 2526 1930 supra

590 1954 784 2009 dietum,
823 1951 1156 2006 transfretavit,
1196 1950 1278 1999 ubi
1311 1949 1598 1998 auditorium
1636 1950 1908 2014 percelebre
1945 1967 2005 1998 ex
2043 1952 2200 2000 Caroli
2235 1953 2360 2018 regis
2394 1971 2526 2003 man-

592 2040 701 2087 dato
748 2038 1038 2087 ordinarunt.
1121 2038 1193 2085 De
1247 2037 1336 2085 hoc
1380 2036 1566 2084 Joanne
1611 2037 1757 2086 refert
1803 2038 2039 2087 Antonius
2084 2039 2355 2090 Pofl'evinus
2399 2044 2527 2107 quod

594 2126 817 2175 Romanis
852 2125 1147 2190 displicuerit,
1186 2124 1408 2189 quoniam
1447 2124 1642 2173 Graecis
1682 2125 1943 2174 adhaerens
1976 2126 2024 2174 in
2061 2128 2280 2191 opinione
2321 2130 2379 2178 de
2420 2131 2529 2179 Pas-

593 2213 742 2261 chatis
777 2212 1102 2268 celebratione,
1147 2212 1423 2276 pontificum
1456 2212 1679 2275 dogmata
1711 2211 2005 2276 improbarit.
2088 2214 2175 2262 Vir
2209 2224 2312 2265 erat
2352 2218 2401 2266 in
2442 2218 2528 2266 hu-

595 2299 804 2347 maniore
826 2298 1073 2347 literatura
1094 2297 1379 2354 cultiffimus,
1403 2298 1497 2362 qui,
1521 2298 1735 2346 oratione
1768 2305 1873 2347 tum
1906 2300 2079 2356 stricta,
2104 2309 2207 2350 tum
2236 2302 2399 2361 soluta,
2436 2307 2528 2353 ele-

595 2383 854 2449 gantissime
889 2385 1039 2433 multa
1077 2384 1283 2449 scripfit:
1325 2384 1644 2433 urbanitatem
1680 2383 1824 2434 etiam
1857 2402 2044 2435 morum
2080 2397 2299 2439 accurate
2337 2391 2380 2439 se
2413 2392 2526 2441 scire

597 2480 645 2520 et
673 2472 789 2521 alios
824 2473 991 2521 docere
1019 2471 1143 2536 pofl'e
1172 2472 1494 2536 profitebatur,
1525 2478 1664 2519 acuto
1695 2478 1744 2520 et
1781 2471 1939 2521 subtili
1975 2474 2175 2538 ingenio,
2207 2484 2351 2542 atque
2381 2481 2441 2529 ad
2473 2498 2528 2529 ea

598 2576 717 2623 quae
750 2559 1024 2608 intendebat
1056 2559 1428 2623 persuadendum
1462 2556 1851 2616 accommodato3
1889 2560 2220 2626 philosophicis
2259 2565 2419 2615 studiis
2458 2567 2529 2616 us-

599 2663 690 2709 que
726 2645 787 2694 ad
819 2645 1018 2694 multam
1049 2652 1254 2695 aetatem
1289 2652 1418 2695 totus
1452 2644 1708 2701 immersus,
1740 2662 1894 2710 neque
1934 2647 2117 2697 interea
2150 2649 2303 2701 sacras
2336 2654 2528 2704 omnino

601 2732 807 2798 neglexit
837 2733 1009 2789 literas,
1043 2733 1139 2782 imo
1178 2733 1395 2782 omnibus
1433 2731 1548 2788 aliis,
1592 2739 1647 2781 ut
1686 2750 1773 2797 par
1812 2742 1927 2790 erat,
1964 2737 2242 2801 anteposuit.
2311 2740 2528 2807 Denique

600 2819 689 2868 five
728 2819 971 2869 doGtrinae
1009 2819 1351 2885 praestantiam,
1389 2819 1479 2868 five
1518 2819 1749 2869 virtutum
1791 2822 2109 2882 eminentiam,
2150 2843 2338 2877 morum
2375 2832 2529 2894 gravi-

599 2914 760 2964 tatem,
797 2907 920 2956 vitae
955 2907 1288 2972 integritatem,
1322 2906 1600 2972 fingularem
1636 2907 1686 2955 in
1719 2909 1861 2957 rebus
1895 2911 2113 2974 gerendis
2144 2915 2446 2977 prudentiam
2480 2925 2529 2966 et

602 2994 650 3040 in
689 2993 888 3058 negotiis
926 2993 1227 3058 expediendis
1269 2993 1602 3043 dexteritatem
1637 2995 1867 3060 respicias,
1915 3006 2017 3048 erat
2056 3016 2165 3049 cum
2204 3003 2528 3067 praestantiffi-

603 3082 692 3130 mis
729 3081 914 3131 illorum
952 3088 1219 3146 temporum
1254 3082 1523 3131 hominibus
1556 3082 1728 3131 merito
1764 3087 2118 3149 comparandus.
2206 3089 2437 3154 Denique,
2474 3099 2527 3139 ut

605 3165 773 3215 futuris
793 3166 955 3217 seculis
976 3166 1219 3232 prodefl'et,
1242 3167 1413 3233 scripto
1435 3169 1674 3228 commifit,
1698 3177 1752 3219 ut
1776 3171 2005 3222 Bostonus
2027 3180 2077 3223 et
2100 3174 2182 3224 alii
2204 3175 2428 3232 referunt,
