2938 3900
903 467 990 509 DE
1037 468 1494 513 SCRIPTORIBUS
1542 472 1762 517 SCOTIS.
2245 485 2298 524 15

381 597 435 637 ut
469 589 663 638 tandem
683 616 685 618 ·
705 589 992 640 doctissimus
1030 592 1278 658 theologus
1313 595 1521 644 evaserit.
1604 597 1818 654 Demum‚
1859 608 1912 648 ut
1945 602 2087 665 aliqui
2129 605 2299 660 volunt,

381 677 445 725 est
489 693 519 724 a
561 676 813 740 pontificiis
869 680 929 726 ob
985 679 1279 737 reformatae,
1337 682 1632 732 Lutheranae
1687 685 1872 743 scilicet,
1919 689 2154 753 religionis
2197 708 2300 754 pro-

381 762 619 812 fessionem
676 772 922 822 crematus,
980 774 1122 830 atque
1176 768 1243 816 ita
1291 776 1471 834 martyr
1526 770 1830 821 sanctiffimus
1883 776 1983 838 post
2029 777 2156 825 varia
2205 795 2302 826 cer-

383 851 564 900 tamina
592 869 646 900 ac
676 837 886 916 pericula
915 854 1032 902 obiit
1061 871 1184 903 anno
1218 858 1357 913 1535,
1388 856 1471 905 sub
1497 858 1678 907 Jacobo
1705 877 1814 924 rege
1843 861 2087 910 Scotorum
2111 864 2298 920 Quinto.

980 1049 1066 1097 DE
1118 1051 1415 1100 UMFRIDO
1467 1053 1691 1102 HUMIO.

378 1203 648 1250 UMFRIDUS
687 1202 895 1251 HUMIUS
932 1203 1112 1259 Scotus,
1147 1220 1206 1251 ex
1239 1204 1385 1252 nobili
1419 1211 1467 1251 et
1500 1205 1695 1268 antiqua
1727 1206 2007 1255 Humiorum
2040 1209 2214 1258 familia
2247 1211 2295 1257 in

377 1289 554 1337 Mercia
598 1288 835 1344 oriundus,
880 1289 1144 1337 adolescens
1185 1291 1503 1354 Andreapolin
1541 1292 1602 1339 ad
1642 1292 1789 1341 studia
1827 1293 1907 1342 sua
1944 1295 2224 1358 perficienda
2266 1314 2294 1345 a

375 1375 648 1439 parentibus
689 1375 752 1423 est
791 1374 961 1431 miffus,
1002 1377 1082 1424 ubi
1121 1377 1320 1425 feliciter
1358 1394 1549 1441 operam
1589 1386 1636 1426 et
1676 1379 1949 1429 industriam
1989 1381 2115 1430 suam
2155 1384 2294 1430 collo-

379 1463 517 1518 cavit,
542 1462 845 1526 animumque
868 1470 1022 1510 totum
1045 1464 1253 1528 legendis
1274 1465 1472 1513 historiis
1494 1466 1685 1515 addixit.
1755 1467 1940 1531 Scripfit

575 1548 861 1597 Conflictum
886 1549 1011 1597 inter
1035 1550 1199 1599 Scotos
1221 1559 1269 1600 et
1292 1554 1482 1617 Anglos,
1507 1553 1583 1602 lib.
1609 1568 1640 1601 Ι.

571 1636 647 1683 Ad
671 1636 861 1683 Merlini
884 1637 1248 1686 Praedictiones.

379 1723 562 1772 Claruit
587 1740 711 1771 anno
735 1723 925 1771 Domini
952 1726 1091 1780 1540,
1115 1733 1340 1789 regnante
1362 1727 1541 1775 Jacobo
1564 1728 1752 1784 Quinto.

918 1921 1004 1968 DE
1055 1921 1355 1971 ROBERTO
1407 1922 1746 1971 BRITANNO.

379 2074 654 2121 Romamne
732 2073 1043 2129 BRITANNUS,
1115 2074 1303 2136 proprie
1374 2075 1608 2124 Bartanus
1663 2076 1828 2131 dictus
1900 2093 1957 2124 ex
2014 2078 2289 2126 Lauthiania

373 2159 572 2215 australi,
626 2166 674 2207 et
720 2159 1037 2208 Bartanorum
1082 2159 1259 2208 familia
1302 2160 1537 2217 oriundus,
1577 2163 1637 2210 ab
1675 2161 1772 2226 ipsa
1813 2162 1964 2211 statim
2003 2163 2202 2226 pueritia
2241 2165 2287 2212 in

370 2248 505 2296 bonis
542 2246 692 2299 literis
731 2247 984 2303 educatus3
1019 2247 1091 2294 vir
1129 2248 1178 2295 in
1218 2247 1358 2296 Mufis
1386 2248 1634 2312 praecipue
1677 2248 2028 2298 humanioribus
2072 2251 2286 2307 versatus

372 2334 559 2398 insignis
597 2333 841 2382 literarum
881 2334 1049 2390 fautor,
1089 2340 1276 2382 tantum
1314 2334 1457 2383 etiam
1496 2335 1546 2382 in
1584 2335 1782 2384 aliarum
1816 2336 1988 2385 artium
2018 2337 2163 2386 studio
2185 2355 2290 2401 pro-

370 2423 558 2477 fecerat,
598 2427 652 2469 ut
688 2420 756 2468 sui
796 2420 898 2468 aevi
934 2420 1014 2468 vix
1052 2420 1270 2484 cuiquam
1305 2420 1530 2470 secundus
1564 2422 1718 2471 fuerit.
1786 2422 1986 2473 Edidiffe
2025 2441 2134 2473 vero
2167 2426 2289 2474 hunc

371 2511 636 2558 Robertum
652 2508 810 2556 ferunt

570 2596 849 2643 Encomium
872 2596 1214 2659 Agriculturae,
1238 2595 1422 2645 Parifiis
1444 2577 1673 2645 excusum.

569 2683 816 2731 Orationes
839 2683 954 2731 duas
977 2684 1034 2731 de
1058 2684 1180 2732 Pace
1204 2690 1252 2731 et
1275 2683 1582 2746 Philosophia.

569 2770 642 2817 De
676 2770 983 2818 Parcimonia.

570 2857 642 2904 De
665 2857 844 2920 optimo
867 2857 1005 2905 Statu
1028 2857 1344 2921 Reipublicae,
1367 2857 1445 2905 lib.
1470 2872 1502 2904 1.

570 2943 953 3006 Deplorationem
977 2944 1199 2991 Gulielmi
1221 2944 1395 2992 Balaei.

570 3029 822 3077 Rationem
845 3029 1292 3078 conscribendarum
1314 3030 1634 3094 Epistolarum.

374 3117 505 3165 Idem
527 3117 761 3165 transtulit
783 3133 843 3165 ex
865 3117 1132 3171 Plutarcho,

570 3204 937 3254 Consolatoriam
958 3204 1019 3254 ad
1042 3204 1262 3259 Uxorem,
1287 3210 1335 3253 et
1358 3203 1490 3252 Vitas
1512 3204 1673 3252 decem
1696 3204 1974 3254 Rhetorum,
