2938 3900
631 406 717 452 126
1163 404 1248 447 DE
1294 402 1749 447 SCRIPTORIBUS
1794 402 2017 447 SCOTlS.

630 530 728 582 tilis
770 529 968 580 nimium
1012 528 1201 578 habitus
1242 527 1345 577 fuit.
1434 525 1544 575 Post
1585 525 1767 590 aliquot
1810 542 1972 584 annos,
2025 527 2355 593 peregrinandi
2408 526 2557 577 studio

631 625 809 684 eaptus,
855 615 1009 682 primo
1051 615 1100 663 in
1144 614 1378 679 Angliam,
1428 611 1598 661 deinde
1646 610 1696 661 in
1743 612 1961 670 Galliam,
2018 614 2084 663 est
2137 614 2421 679 profectus3
2477 615 2558 664 ubi

633 705 846 756 Lutetiae
876 704 955 752 diu
990 702 1286 766 multumque
1321 699 1495 751 studuit
1530 699 1581 747 in
1616 698 1828 764 Collegio
1860 699 2165 757 Jesuitarum‚
2197 699 2351 752 multa
2382 702 2558 757 didicit,

632 792 834 858 plurima
882 790 1025 838 etiam
1076 788 1248 837 docuit.
1339 785 1614 851 Affumptus
1657 786 1801 835 etiam
1846 787 1910 836 est
1955 787 2004 836 in
2050 786 2320 837 societatem
2372 789 2487 839 Jesu
2530 806 2555 838 ε

630 878 831 935 semitis,
876 875 1149 941 quibuscum
1194 875 1452 941 plurimum
1498 873 1796 923 conversatus
1842 881 1957 924 erat.
2039 874 2379 924 Mathematica
2411 876 2561 926 studia

635 964 837 1031 impense
882 965 1041 1020 coluit,
1093 971 1142 1012 et
1186 963 1311 1012 inter
1354 959 1799 1011 mathematicorum
1843 959 1913 1009 sui
1958 961 2185 1026 temporis
2231 962 2562 1013 celeberrimos

636 1053 982 1103 numerandus:
1020 1050 1306 1116 theologiam
1347 1048 1545 1114 insuper,
1586 1064 1729 1113 quam
1764 1047 2080 1098 scholasticam
2119 1055 2303 1106 vocant,
2343 1056 2561 1100 accurate

631 1141 804 1197 didicit,
846 1141 895 1188 in
935 1138 1293 1188 humanioribus
1331 1138 1490 1202 itaque
1524 1135 1674 1184 literis
1706 1142 1756 1184 et
1787 1136 2076 1202 theologicis,
2112 1135 2192 1185 sed
2230 1137 2563 1188 traditionibus

631 1227 858 1282 humanis,
892 1225 1209 1292 superstitiofis
1241 1225 1422 1282 ritibus
1462 1230 1511 1273 et
1550 1222 1798 1271 horrendis
1830 1221 2131 1287 blasphemiis
2164 1222 2339 1272 mirum
2379 1223 2430 1272 in
2462 1239 2563 1273 mo-

632 1315 743 1364 dum
779 1314 975 1370 refertis,
1021 1313 1254 1362 crescebat
1294 1312 1456 1360 indies.
1539 1309 1626 1357 Vir
1664 1316 1767 1359 erat
1803 1309 1992 1374 ingenio
2030 1309 2238 1359 curiosus
2276 1317 2326 1360 et
2364 1310 2558 1367 subtilis,

633 1402 818 1466 eloquio
872 1400 1176 1456 scholasticus,
1238 1397 1589 1448 conversatione
1643 1392 1951 1458 superstitiose
2012 1394 2223 1450 devotus,
2282 1395 2559 1444 eruditionis

633 1489 859 1538 varietate
910 1487 1075 1543 clarus,
1127 1488 1359 1535 bonorum
1414 1485 1666 1534 auctorum
1712 1479 1906 1530 lectioni
1960 1480 2156 1529 mirifice
2213 1482 2411 1538 deditus,
2462 1499 2560 1532 me-

632 1576 808 1625 moriae
842 1582 890 1623 et
923 1574 1172 1622 industriae
1206 1573 1462 1638 fingulariS,
1502 1571 1579 1620 cui
1614 1568 1759 1618 etiam
1791 1567 1956 1632 pietas
1994 1568 2177 1617 utinam
2216 1584 2311 1618 non
2344 1570 2560 1635 praepos-

631 1671 745 1719 tera,
790 1669 839 1711 et
884 1660 1086 1710 eruditio
1130 1677 1301 1709 nomen
1347 1676 1442 1709 non
1489 1657 1724 1707 incelebre
1769 1655 2038 1726 dederunt..
2094 1656 2212 1704 Erat
2268 1656 2394 1705 enim
2450 1674 2561 1707 con-

630 1750 840 1799 cionator
907 1749 1108 1813 eleganS,
1167 1746 1428 1812 disputator
1482 1744 1675 1801 subtilis,
1733 1750 1781 1793 et
1838 1743 1919 1808 qui
1979 1743 2156 1809 ingenii
2220 1744 2436 1794 acumine
2498 1747 2560 1796 ad

631 1836 871 1886 solvendos
913 1835 1293 1884 difficillimarum
1350 1833 1671 1899 quaestionum
1725 1831 1874 1880 nodos
1925 1830 2131 1880 multum
2184 1831 2368 1881 valuit:
2420 1833 2561 1883 astro-

630 1904 812 1973 nomiae
848 1923 1045 1972 celebris
1083 1923 1264 1980 doctor,
1303 1921 1569 1972 caelestium
1610 1926 1901 1975 naturarum
1941 1935 2205 1984 corporum,
2245 1926 2294 1968 et
2329 1919 2560 1970 virtutum

630 2010 813 2061 sedulus
863 2010 1123 2075 indagator,
1169 2016 1218 2058 et
1269 2013 1346 2058 τῶν
1389 2010 1694 2073 μαθηματικῶν
1744 2013 1911 2056 acutus
1967 2005 2319 2057 demonstrator.
2422 2006 2561 2058 Unde

630 2096 808 2163 scriptis
828 2095 1053 2146 commifit

825 2182 1176 2234 Commentaria
1196 2183 1246 2231 in
1271 2180 1543 2247 Sphaeram.

828 2270 901 2317 De
923 2269 1132 2318 Horrore
1155 2268 1358 2324 Peccati,
1381 2268 1461 2316 lib.

828 2356 885 2404 In
907 2354 1167 2404 Paflionem
1189 2353 1383 2403 Domini
1404 2353 1749 2404 Meditationes.
2406 2420 2408 2422 V

828 2440 1163 2490 Instructiones
1205 2439 1427 2504 quasdam
1471 2440 1720 2490 neotericis
1764 2440 2033 2498 Catholicis,
2069 2458 2100 2491 a
2133 2442 2389 2492 reformata
2433 2444 2562 2493 Reli·

893 2526 1032 2593 gione
1055 2526 1394 2583 deficientibuS,
1417 2532 1467 2575 et
1489 2525 1539 2574 in
1561 2528 1796 2592 gremium
1819 2528 2064 2578 Romanae
2086 2528 2319 2580 Ecclefiae
2340 2531 2555 2596 receptis.

633 2615 697 2664 Et
740 2614 833 2664 alia
877 2614 1092 2679 plurima,
1150 2630 1271 2680 quae
1317 2613 1556 2678 hucusque
1607 2615 1669 2663 ad
1717 2615 1921 2665 nostram
1963 2615 2183 2666 notitiam
2226 2633 2322 2667 non
2365 2634 2563 2683 perven-

632 2709 784 2752 erunt.
850 2701 1033 2752 Claruit
1064 2701 1190 2751 circa
1221 2718 1398 2751 annum
1430 2702 1661 2751 adventus
1691 2701 1882 2752 Meffiae
1915 2702 1965 2751 in
2003 2719 2144 2753 carne
2186 2706 2329 2762 1598,
2365 2704 2479 2754 dum
2511 2704 2561 2754 in

634 2789 794 2840 Scotia
812 2788 1013 2839 feliciter
1033 2796 1084 2838 et
1104 2789 1297 2854 pacifice
1318 2804 1479 2838 rerum
1500 2789 1735 2854 potiretur
1754 2790 1789 2838 J
1788 2791 1963 2840 acobus
1984 2790 2170 2841 Sextus.

1211 2984 1300 3036 DE
1333 2984 1638 3036 ROBERTO
1671 2984 1984 3037 PONTANO.

636 3138 905 3189 Romule
955 3139 1240 3196 PONTANUS,
1294 3138 1576 3188 Caledonius
1620 3137 1890 3194 BritannuS,
1943 3153 2003 3187 ex
2055 3137 2277 3196 Culrofia,
2328 3144 2412 3189 aut
2463 3154 2559 3188 non

640 3225 801 3288 procul
829 3226 891 3275 ab
926 3241 995 3282 ea,
1027 3226 1146 3275 urbe
1178 3225 1430 3283 maritima,
1457 3224 1741 3290 antiquitate
1773 3225 2093 3283 celeberrima,
2117 3225 2320 3277 honestis
2352 3226 2559 3291 parenti-
