2938 3900
947 456 1033 499 DE
1087 457 1547 502 SCRIPTORIBUS
1598 459 1822 503 SCOTIS.
2313 468 2369 520 87

423 586 634 633 scentum
690 581 837 631 animi
894 582 963 631 ita
1009 582 1199 631 virtutis
1254 584 1594 648 doctrinaeque
1651 601 1812 635 amore
1870 586 2253 644 incendebantur,
2316 598 2369 638 ut

415 671 683 721 academiae
729 671 913 719 nostrae
950 670 1328 734 praeclariffimis
1367 672 1566 736 ingeniis
1605 671 1751 722 effent
1794 674 1843 722 id
1881 675 2109 738 temporis
2151 691 2368 724 numero-

414 756 619 807 fiflimae.
689 756 966 822 Composuit
988 764 1151 806 autem

612 845 933 895 Artificiosum
957 845 1173 894 libellum
1195 844 1333 910 super
1358 847 1518 895 Uxore
1541 847 1714 903 futura,
1738 847 1817 896 lib.
1842 862 1875 895 1.

610 934 883 983 Cantilenas
908 933 1131 990 Scoticas,
1156 933 1235 982 lib.
1261 948 1293 980 Ι.

609 1022 880 1087 Rhythmos
902 1021 1111 1078 Latinos,
1136 1021 1215 1070 lib.
1242 1036 1274 1068 Ι.

409 1111 471 1159 Et
504 1111 599 1160 alia
635 1127 757 1175 quae
791 1110 955 1159 multis
984 1109 1092 1158 sunt
1130 1111 1343 1174 probata.
1413 1109 1690 1175 Occisusque
1727 1111 1919 1159 demum
1951 1127 1981 1159 a
2015 1111 2106 1159 suis
2140 1112 2204 1160 est
2235 1129 2359 1160 anno

406 1216 436 1247 a
457 1199 543 1247 filii
567 1199 658 1248 Dei
682 1198 1007 1248 incarnatione
1033 1199 1175 1253 1436,
1201 1197 1277 1245 die
1301 1199 1365 1245 20
1390 1197 1502 1246 Feb.
1522 1198 1571 1245 in
1594 1197 1761 1247 Perthi
1784 1198 2020 1247 suburbio.

958 1408 963 1414 ·
998 1391 1087 1442 DE
1119 1394 1153 1442 J
1155 1392 1370 1442 ACOBO
1405 1388 1756 1441 KENNEDIO.

403 1552 435 1599 J
438 1562 630 1599 Aoossus
665 1549 983 1604 KENNEDIUS‚
1019 1546 1278 1611 Epileopus
1311 1545 1755 1610 AndreapolitanUS,
1792 1546 1918 1611 regis
1950 1547 1984 1595 J
1985 1547 2120 1596 acobi
2154 1547 2357 1596 Secundi

405 1639 676 1694 avunculus,
727 1637 761 1685 J
762 1636 898 1686 acobi
952 1634 1104 1683 Primi
1160 1651 1307 1699 nepos
1363 1651 1424 1682 ex
1479 1634 1649 1690 sorore,
1707 1635 1953 1698 praeclaro
2009 1635 2252 1684 stemmate
2308 1636 2358 1683 in

406 1727 566 1776 Scotia
610 1725 849 1774 oriundus.
941 1723 1033 1771 Hic
1078 1722 1168 1770 fuit
1207 1721 1347 1786 supra
1388 1738 1531 1785 quam
1577 1721 1669 1769 dici
1706 1721 1843 1786 poflit
1884 1721 2132 1771 nobilitate
2166 1721 2358 1788 infigni's

405 1816 503 1872 vir;
525 1820 711 1863 tantam
739 1810 970 1876 fiquid‘em
1008 1809 1400 1859 existimationem
1428 1809 1592 1857 multis
1621 1825 1736 1874 erga
1764 1824 1867 1858 rem
1892 1809 2128 1859 Senticam
2161 1811 2355 1867 meritis,

403 1921 516 1968 erga
571 1901 860 1966 superiorem
910 1916 1074 1964 regem
1127 1897 1292 1947 officiis
1347 1897 1615 1962 collegerat,
1670 1903 1855 1946 tantam
1908 1899 1969 1946 ob
2021 1914 2211 1946 morum
2264 1899 2356 1946 ele-

400 1990 625 2056 gantiam,
673 1996 722 2038 et
763 1988 1081 2053 propinquam
1122 2002 1232 2035 cum
1276 1985 1468 2051 regibus
1513 1985 1857 2050 cognationem,
1904 1993 2260 2050 comparaverat
2305 1987 2354 2034 in

401 2082 544 2129 rebus
589 2078 808 2127 omnibus
851 2077 1008 2132 fidem,
1055 2083 1110 2124 ut
1155 2075 1332 2124 caeteri
1376 2073 1608 2139 pueritiae
1652 2074 1811 2139 regiae
1851 2080 2104 2130 curatores,
2148 2075 2230 2138 qui
2268 2092 2354 2139 per

401 2168 616 2216 ordinem
649 2165 750 2214 bini
783 2164 834 2212 in
868 2165 1032 2213 orbem
1068 2161 1155 2212 fibi
1183 2163 1509 2219 succedebant,
1546 2178 1668 2217 eum,
1693 2161 1879 2225 quoties
1912 2162 1963 2209 in
1996 2161 2155 2210 aulam
2187 2178 2354 2210 excur-

401 2262 541 2312 reret,
579 2254 710 2303 velut
751 2251 1023 2317 diligentiae
1061 2253 1336 2300 exactorem
1379 2256 1428 2299 et
1467 2251 1772 2315 probatorem
1811 2249 1948 2298 facile
1994 2250 2206 2306 feneum
2252 2251 2353 2314 ejus

399 2344 528 2393 enim
573 2342 683 2391 aula
725 2347 832 2389 tum
875 2339 1083 2388 maxime
1128 2339 1372 2388 nitebatur
1417 2337 1716 2387 auctoritate.
1786 2337 1873 2385 Vir
1915 2338 2048 2401 cujus
2090 2344 2195 2385 tum
2244 2339 2352 2387 doc-

402 2433 530 2481 trina
579 2438 685 2479 tum
741 2429 894 2493 pietas
950 2427 1033 2476 suo
1084 2434 1300 2492 tempore
1353 2425 1560 2474 multum
1612 2423 1770 2472 illuxit
1805 2441 1815 2472 :
1873 2424 2118 2473 alacritate
2171 2424 2351 2489 ingenii

402 2524 650 2585 promptus
684 2516 745 2565 ad
778 2515 939 2571 studia,
975 2513 1265 2563 affabilitatis
1298 2513 1453 2578 gratia
1478 2512 1717 2577 jucundus
1749 2512 1810 2560 ad
1844 2512 2090 2576 colloquia,
2121 2512 2349 2562 suavitate

400 2622 589 2656 morum
644 2610 784 2668 aptus
839 2603 900 2651 ad
957 2601 1300 2653 conciliandam
1353 2601 1645 2657 amicitiam3
1702 2600 1906 2664 denique
1962 2600 2087 2648 felici
2144 2601 2349 2649 naturali

400 2694 570 2749 indole,
620 2690 964 2756 praeclarisque
1013 2688 1161 2737 animi
1215 2689 1404 2737 dotibus
1450 2689 1618 2736 dexter
1673 2688 1735 2736 ad
1791 2688 1961 2736 omnia.
2031 2688 2225 2744 Labore,
2278 2689 2348 2736 in-

400 2782 587 2838 dustria,
629 2785 678 2828 et
716 2777 895 2842 ingenii
937 2775 1179 2832 felicitate,
1224 2777 1286 2824 ad
1331 2791 1437 2824 eam
1482 2775 1728 2825 doffirinae
1765 2775 2108 2840 perfectionem
2152 2777 2345 2825 tandem

399 2868 628 2938 pervenit,
662 2872 718 2915 ut
752 2879 861 2914 eum
895 2861 1212 2912 eruditiffimis
1240 2863 1312 2911 fui
1341 2863 1570 2928 temporis
1602 2863 1716 2912 viris
1748 2879 1844 2912 non
1868 2863 2112 2912 numm-ito
2142 2864 2344 2912 conferri

398 2957 643 3027 potuerit:
695 2953 888 3019 pietatis
929 2958 984 3000 et
1037 2951 1317 3000 eruditionis
1373 2950 1528 2999 wltor
1570 2949 1768 3006 sedulus,
1824 2955 1992 3014 utpote
2043 2950 2125 3014 qui
2181 2966 2344 2999 omnes

396 3050 540 3097 horas
578 3060 607 3093 a
645 3040 865 3107 precibus
899 3045 952 3087 et
991 3038 1194 3103 negotiis
1228 3037 1430 3102 publicis
1464 3037 1636 3085 liberas
1675 3036 1728 3084 in
1768 3037 2055 3101 optimarum
2095 3035 2341 3086 literarum

398 3134 571 3190 studiis,
626 3130 713 3179 fibi
770 3126 1085 3182 laudabiliter,
1137 3125 1241 3174 aliis
1290 3124 1487 3180 utiliter,
1530 3124 1624 3172 toti
1680 3122 1902 3173 eoelefiae
1948 3130 2002 3172 et
2054 3123 2341 3189 reipublicae

397 3221 637 3274 litei-ariae
680 3217 894 3273 feliciter,
938 3213 1198 3264 collocavit.
1289 3212 1442 3261 Erant
1486 3212 1536 3260 in
1583 3226 1658 3268 ec,
1707 3219 1901 3277 praeter
1951 3212 2152 3262 virtutes
2196 3212 2340 3278 supra

400 3313 806 3362 commemoratae,
848 3304 1030 3353 summa
1065 3302 1193 3351 domi
1234 3299 1485 3366 frugalitas
1526 3306 1577 3349 et
1616 3299 1926 3357 continentia,
1971 3299 2086 3349 for-is
2119 3300 2341 3364 splendor
