2938 3900
611 417 667 458 58
1141 410 1226 453 DF,
1271 405 1606 451 SCRIPTORI
1614 404 1730 447 BUS
1776 402 1997 445 SCOTIS.

612 537 841 587 abstrusae
875 535 1119 585 doetrinae
1149 550 1262 598 opes
1295 530 1485 580 venusto
1518 528 1613 576 oris
1649 526 1779 591 gestu
1817 526 2063 590 proferret,
2098 532 2146 574 et
2181 524 2535 591 interpretando

613 626 793 675 intaRa
830 625 890 673 ab
928 623 1031 672 aliis
1068 621 1202 670 avide
1241 619 1513 668 seetaretur.
1581 613 1813 677 Cupiebat
1850 614 1977 661 enim
2017 613 2225 662 obscuris
2261 615 2536 663 au&oribus

613 714 764 762 luoem
809 712 933 766 dare,
978 717 1026 757 et
1070 706 1286 756 rancidae
1331 702 1571 752 vetustatis
1615 699 1854 755 vocabula,
1891 701 1994 765 jam
2032 700 2173 765 plane
2215 701 2463 765 repudiata
2506 719 2535 749 a

614 800 732 849 lanis
779 796 1085 861 scriptoribuS‚
1135 794 1183 841 in
1235 792 1366 840 usum
1414 791 1623 839 Graecae
1675 786 2012 850 Romanaeque
2060 784 2249 849 linguae
2299 801 2533 833 revocare.

613 888 687 935 Ad
727 887 853 940 haee,
892 868 1067 947 pietate
1106 880 1424 943 religioneque
1464 877 1594 942 prius
1633 881 1716 924 aut
1755 873 1996 938 antiquius
2033 872 2152 922 nihil
2191 873 2371 922 habuit.
2462 874 2533 921 De

613 973 834 1021 Palbhate
867 978 1037 1024 tamen,
1072 967 1273 1021 tonsura,
1316 965 1564 1018 coelibatu,
1598 961 1791 1025 aliisque
1833 961 2076 1010 Romanae
2112 959 2327 1012 eeclefiae
2365 960 2535 1009 ritibus

611 1076 714 1107 cum
771 1058 950 1105 Finano
1005 1054 1177 1103 aeriter
1231 1050 1530 1107 conflieiafl'e,
1577 1057 1625 1099 et
1671 1048 1924 1113 sophisticis
1979 1047 2187 1097 elenchis
2229 1047 2289 1096 de
2334 1048 2535 1096 vietoria

610 1142 908 1209 triumphasse
947 1142 1131 1196 fertur;
1177 1139 1531 1189 monachalibus
1575 1136 1839 1201 imposturis
1883 1143 1932 1184 et
1976 1135 2199 1200 papistica
2240 1136 2347 1184 labe
2393 1136 2535 1184 sordi·

610 1235 706 1288 dus,
752 1232 866 1280 alias
910 1231 1159 1279 doeiorum
1205 1229 1414 1276 virorum
1455 1225 1708 1275 illustrium
1753 1224 1967 1288 catalogo
2006 1224 2177 1273 merito
2222 1224 2532 1273 ascribendus.

610 1319 877 1384 Composuit
900 1317 1024 1366 enim
1047 1315 1321 1380 praesertim
1345 1322 1511 1363 contra
1533 1313 1789 1361 Britannos
1811 1320 1860 1361 et
1884 1312 2062 1368 Seotos,

804 1407 875 1454 De
898 1403 1100 1453 Paschae
1124 1402 1472 1457 Observatione,
1497 1402 1576 1450 lib.
1602 1414 1634 1447 Ι.

803 1494 897 1540 Pro
920 1490 1126 1539 Tonsura
1146 1507 1201 1538 ae
1224 1490 1486 1544 Coelibatu,
1510 1489 1590 1537 lib.
1617 1502 1650 1535 1.

804 1578 1008 1643 Regulas
1030 1577 1220 1625 Artium
1243 1575 1545 1631 diversarum,
1570 1575 1649 1623 lib.
1676 1588 1710 1622 1.

803 1666 874 1713 De
898 1663 1162 1728 Disciplinis
1184 1662 1493 1718 naturalibus,
1515 1662 1595 1710 lib.
1620 1676 1654 1709 1.

802 1753 1014 1817 Hymnos
1034 1770 1090 1801 ac
1113 1752 1348 1816 Dialogos‚
1371 1751 1451 1800 lib.
1476 1765 1509 1798 1.

763 1862 775 1873 ·
802 1840 1027 1904 Epistolas
1050 1839 1286 1904 quasdam,
1311 1839 1391 1888 lib.
1415 1853 1449 1886 1.

607 1927 668 1975 Et
701 1927 794 1976 alia
826 1927 1068 1991 quaedam.
1137 1925 1320 1976 Claruit
1360 1925 1444 1974 sub
1478 1924 1706 1974 Mordaco
1750 1940 1875 1989 rege,
1907 1938 2033 1972 anno
2067 1922 2417 1973 restaurationis
2448 1923 2535 1972 hu-

606 2030 770 2063 manae
824 2030 910 2078 per
963 2015 1259 2062 incarnatum
1303 2011 1514 2062 Meffiam
1562 2012 1693 2064 717:
1751 2012 1800 2061 in
1853 2011 1935 2061 suo
1992 2010 2272 2061 monasterio
2327 2010 2535 2076 sepultus

608 2101 795 2163 quievit,
818 2108 872 2150 ut
895 2100 1121 2157 Lessaeus,
1145 2101 1332 2157 Baleus‚
1355 2100 1669 2164 Dempsterus,
1694 2100 1941 2156 Gesnerus,
1965 2106 2015 2149 et
2037 2099 2118 2149 alii
2139 2099 2382 2149 testantur.

1329 2296 1417 2345 DE
1450 2295 1813 2344 BONIFACIO.

611 2450 929 2507 Bona-Acme,
974 2451 1321 2500 Germanorum
1366 2449 1627 2514 Apostolus,
1672 2447 1854 2513 primus
1904 2447 2294 2512 Archiepiscopus
2336 2449 2538 2514 Mogun-

609 2536 745 2592 tinus,
779 2538 968 2586 natione
1000 2539 1180 2594 Scottis,
1211 2537 1470 2588 monachus
1501 2535 1679 2586 ordinis
1712 2535 1759 2585 S.
1794 2535 2056 2592 Benedififi,
2091 2542 2146 2585 ut
2178 2536 2324 2586 refert
2353 2536 2538 2588 Trithe·

611 2623 742 2680 mins,
778 2642 884 2672 eum
921 2624 1034 2674 efl'et
1066 2642 1185 2690 puer
1223 2625 1434 2690 quinque
1465 2639 1711 2680 annorum,
1751 2640 1781 2672 a
1813 2623 2090 2689 parentibus
2128 2623 2221 2673 suis
2258 2624 2537 2674 monasterio

614 2710 661 2758 in
702 2712 883 2776 Anglia,
921 2714 1047 2778 quod
1085 2712 1307 2762 Misehele
1346 2712 1533 2768 dicitur,
1566 2711 1753 2762 oblatus
1791 2711 1868 2767 est,
1904 2711 1955 2760 in
1994 2727 2090 2775 quo
2124 2711 2275 2761 literis
2306 2727 2363 2762 ae
2394 2712 2537 2762 mori·

611 2798 697 2846 bus
749 2799 944 2849 studium
997 2800 1286 2865 impendens,
1331 2800 1405 2849 vir
1448 2807 1497 2849 et
1542 2800 1712 2849 doGtus
1757 2805 1806 2848 et
1851 2797 2160 2848 sanfififfimus
2203 2798 2359 2848 evafit.
2449 2799 2537 2849 Or·

613 2884 797 2934 dinatus
839 2895 998 2937 autem
1049 2887 1301 2954 presbyter,
1346 2905 1506 2937 amore
1559 2886 1889 2953 peregrinandi
1931 2903 2019 2952 pro
2063 2886 2259 2944 Christo,
2305 2886 2436 2937 venit
2486 2886 2536 2936 in

611 2971 923 3030 Germaniam,
963 2975 1122 3040 ibique
1163 2975 1438 3040 praedicans
1482 2976 1679 3025 verbum
1724 2974 1827 3032 Dei,
1867 2992 1897 3024 a
1933 2975 2164 3040 Gregorio
2207 2991 2331 3040 papa
2374 2974 2536 3023 Primo

613 3057 847 3123 episeopus
885 3061 1253 3126 Moguntinenfis
1291 3062 1536 3112 ordinatus
1574 3062 1652 3119 est,
1687 3068 1738 3111 et
1773 3063 1834 3112 ab
1873 3062 1975 3127 ejus
2013 3060 2266 3112 sucoefl'ore
2304 3061 2535 3125 Gregorio

614 3141 782 3200 Tertio,
831 3145 879 3194 in
930 3148 1326 3214 arehiepiscopum
1369 3156 1420 3198 et
1462 3149 1715 3214 primatem
1759 3148 2042 3199 Germaniae
2090 3147 2400 3198 sublimatus:
2453 3148 2535 3212 qui

613 3244 721 3277 cum
758 3229 870 3281 effet
903 3233 975 3282 vir
1009 3235 1233 3293 eruditus,
1271 3252 1368 3286 non
1401 3243 1588 3287 tantum
1623 3238 1782 3294 verbo,
1818 3236 1898 3286 sed
1939 3244 1989 3286 et
2027 3235 2212 3300 scripto,
2249 3233 2534 3285 commissam
