2938 3900
643 437 701 478 14
1187 433 1274 477 DE
1317 432 1774 478 SCRIPTORIBUS
1820 431 2044 484 SCOTIS.

1240 666 1327 714 DE
1360 665 1589 714 THOMA
1622 661 1943 712 MUSHETo,

642 825 855 872 THOMAS
915 822 1207 875 Musnss'rus,
1255 836 1316 868 ex
1370 817 1595 883 generosa
1634 816 1957 864 Muss1etorum
2008 816 2058 863 in
2103 814 2414 865 Mentethenfi
2464 831 2578 880 agro

644 909 882 963 oriundus,
939 908 989 955 in
1036 907 1289 971 juventute
1352 905 1402 953 in
1451 904 1587 953 bonis
1642 902 1793 951 literis
1850 909 1899 950 et
1960 901 2142 950 artibus
2199 902 2419 958 imbutus,
2483 918 2577 950 non

643 1004 804 1045 tamen
864 1000 1115 1043 contentus
1175 1009 1233 1040 ea
1290 992 1509 1040 doctrina
1552 991 1602 1039 in
1662 989 1816 1053 patria
1878 995 2086 1052 accepta,
2159 989 2219 1037 ad
2282 989 2433 1054 majus
2491 990 2582 1038 stu-

570 1125 573 1129 .
645 1081 830 1131 diorum
877 1080 1221 1128 incrementum
1281 1078 1331 1125 in
1390 1077 1568 1126 Gallias
1628 1083 1677 1124 et
1738 1076 2044 1125 Germaniam
2088 1076 2330 1140 profectus
2374 1077 2451 1133 est,
2499 1077 2581 1125 ubi

646 1171 695 1218 in
751 1166 1008 1217 Academia
1060 1164 1294 1214 Basilienfi
1348 1164 1609 1213 medicinae
1655 1164 1842 1219 studuit,
1901 1171 2182 1229 tantumque
2227 1164 2386 1228 postea
2429 1164 2478 1212 in
2529 1180 2585 1212 ea

645 1256 920 1322 profecerat,
943 1261 998 1302 ut
1020 1254 1190 1303 doctor
1210 1260 1464 1301 crearetur.
1533 1251 1723 1316 Scripfit
1745 1253 1938 1301 tandem

848 1342 1138 1406 Decalogum
1161 1341 1421 1405 quendam„

847 1429 1210 1494 Apologeticum
1233 1427 1460 1476 Chimicae
1483 1428 1628 1476 Artis.

846 1518 919 1566 De
941 1518 1061 1565 Jure
1084 1524 1133 1565 et
1156 1515 1446 1564 Praestantia
1466 1515 1789 1564 Chimicorum
1810 1516 2280 1572 Medicamentomm,
2313 1516 2392 1563 lib.
2416 1530 2470 1563 11.

651 1605 834 1656 Claruit
883 1621 1010 1654 anno
1088 1603 1257 1653 Christi
1309 1605 1451 1651 1584.
1533 1603 1654 1659 Quae
1698 1602 1792 1651 alia
1838 1602 2081 1667 scripserit,
2135 1609 2185 1651 et
2232 1619 2330 1667 quo
2378 1609 2593 1666 tempore

648 1691 832 1748 vixerit,
856 1690 939 1740 nifi
961 1690 1050 1738 hoc
1073 1688 1320 1754 praedicto
1342 1705 1481 1744 anno,
1518 1705 1614 1736 non
1636 1689 1813 1738 constat
1835 1689 1961 1738 inter
1983 1688 2243 1754 scriptores.

1239 1885 1328 1934 DE
1363 1884 1720 1934 FRIDERICO
1757 1886 1972 1936 SCOTO.

654 2043 963 2092 anmucus
1014 2039 1203 2088 Sco'rus
1258 2039 1309 2086 in
1357 2038 1535 2087 tenella
1587 2046 1744 2098 aetate
1780 2056 1889 2088 cum
1912 2041 2170 2090 'elementa
2202 2046 2391 2089 tantum
2442 2055 2597 2104 gram-

654 2130 849 2179 matices
905 2125 1162 2183 audivifl'et,
1222 2126 1272 2174 in
1331 2126 1520 2175 Italiam
1569 2127 1632 2175 ad
1678 2135 1903 2193 cognatos
1951 2128 2118 2176 Scotos
2151 2128 2201 2176 in
2235 2127 2479 2176 Placentia
2514 2127 2597 2176 ha-

654 2218 861 2267 bitantes
905 2217 997 2263 iter
1040 2214 1249 2278 suscepit.
1324 2212 1575 2278 Progreffu
1608 2216 1836 2280 temporis
1878 2216 1998 2264 adeo
2038 2232 2231 2280 operam
2264 2216 2426 2272 literis,
2462 2232 2597 2280 prae-

657 2305 816 2354 sertim
844 2302 1253 2368 jurisprudentiae,
1299 2301 1507 2357 dederat,
1544 2308 1598 2349 ut
1632 2301 1757 2350 inter
1779 2301 1985 2350 summos
2017 2309 2066 2350 et
2110 2302 2386 2366 praecipuos
2430 2302 2596 2350 Italiae

659 2392 879 2442 doctores
905 2391 956 2439 in
977 2405 1149 2454 magna
1168 2387 1510 2437 existimatione
1531 2388 1800 2436 haberetur.
1876 2387 2066 2452 Scripsit

856 2477 1108 2527 Orationes
1129 2476 1246 2524 duas
1268 2475 1318 2524 in
1339 2475 1408 2524 sui
1430 2482 1480 2523 et
1501 2475 1704 2524 aliorum
1729 2475 2030 2524 Doaoram

860 2564 1141 2630 Apologiam
1162 2580 1250 2628 pro
1272 2563 1499 2612 Familiae
1521 2563 1630 2612 suae
1652 2562 1965 2627 Antiquitate.

859 2653 1088 2702 Materiae
1111 2651 1497 2701 Usufructuariae
1519 2651 1599 2700 lib.
1623 2665 1656 2699 1.

665 2744 774 2793 Alia
806 2743 950 2792 etiam
997 2741 1148 2789 multa
1193 2742 1254 2789 ab
1307 2756 1364 2789 eo
1397 2738 1569 2803 scripta
1614 2738 1733 2787 sunt.
1801 2737 1985 2787 Claruit
2016 2754 2142 2787 anno
2177 2738 2403 2788 salutiferi
2436 2746 2600 2803 partus

665 2835 807 2889 1513,
830 2831 1043 2896 regimen
1064 2828 1251 2878 Scotiae
1274 2827 1525 2876 inchoante
1546 2826 1728 2875 Jacobo
1751 2826 1851 2890 ejus
1872 2825 2076 2874 nominis
2098 2826 2279 2890 quinto.

1241 3024 1330 3072 DE
1361 3024 1395 3072 J
1396 3023 1616 3073 OANNE
1650 3021 1998 3071 STRATONE.

669 3181 702 3229 J
704 3195 901 3229 OANNES
951 3180 1165 3236 STRA'ro,
1212 3178 1403 3227 natione
1450 3177 1632 3232 ScotuS,
1672 3177 1746 3225 vir
1789 3176 2045 3226 admodum
2091 3174 2315 3231 eruditus,
2356 3174 2406 3223 in
2450 3174 2603 3239 prima

669 3276 825 3319 aetate
858 3267 1049 3333 pietatis
1069 3274 1118 3316 et
1139 3266 1386 3316 litem-um
1421 3263 1692 3314 rudimenta
1726 3265 1775 3313 in
1816 3264 1982 3328 patriis
2018 3261 2186 3311 scholis
2217 3263 2440 3327 percepit,
2479 3262 2598 3310 adeo
