2938 3900
628 452 713 496 116
1165 450 1250 493 DE
1296 446 1749 493 SCRIPTORIBUS
1785 445 2007 489 SCOTIS.

1241 678 1328 727 DE
1359 678 1392 727 J
1394 675 1607 727 ACOBO
1639 674 1959 726 CRITONIO.

633 834 855 883 Jaoonus
897 832 1187 887 Carmmus,
1225 846 1398 896 genere
1436 836 1486 879 et
1521 827 1713 878 natione
1761 826 1944 882 Scotus,
1989 841 2050 874 ex
2089 823 2267 874 familia
2306 824 2553 880 Clunienfi,

635 920 682 968 in
735 918 937 983 Angufia
987 916 1219 984 generosis
1271 916 1546 982 parentibus
1598 920 1743 970 ortus,
1800 930 1831 962 a
1878 910 2055 961 teneris
2093 910 2240 960 'annis
2293 910 2342 959 in
2398 910 2555 959 schola

635 1006 966 1071 Edinburgena
1004 1006 1139 1055 bonis
1172 1004 1322 1054 literis
1359 1004 1650 1060 informatus
1686 1009 1735 1052 et
1773 1002 1823 1051 in
1857 999 2114 1050 Academia
2154 998 2556 1062 Andreapolitana

633 1091 958 1156 philosophicis
991 1091 1151 1141 studiis
1183 1092 1405 1140 imbutus.
1473 1090 1723 1154 Postquam
1762 1104 1875 1138 vero
1908 1093 2036 1136 artes
2070 1085 2289 1134 liberales
2321 1101 2381 1133 ex
2422 1090 2555 1148 parte

634 1176 870 1234 didiciffet‚
901 1179 1095 1243 jamque
1129 1178 1198 1227 sui
1228 1178 1351 1243 juris
1385 1177 1522 1242 plane
1555 1176 1724 1231 faetus,
1763 1175 1946 1224 nullum
1983 1172 2220 1238 peculiare
2254 1171 2456 1220 studium
2492 1170 2557 1220 est

633 1263 827 1322 secutus,
863 1266 942 1315 sed
976 1265 1103 1331 quali
1138 1282 1223 1330 per
1253 1265 1412 1314 omnia
1444 1271 1653 1328 vagatus,
1689 1262 1762 1312 uti
1795 1269 1898 1311 erat
1924 1260 2111 1325 juvenis
2143 1258 2416 1323 multiplicis
2450 1258 2558 1307 doc-

633 1350 785 1400 trinae
827 1359 875 1401 et
911 1353 1176 1408 memoriae,
1212 1352 1515 1417 stupendique
1554 1349 1743 1415 ingenii,
1784 1348 1926 1397 modo
1957 1346 2007 1395 in
2039 1345 2374 1411 grammaticis,
2415 1344 2557 1393 modo

638 1437 684 1484 in
731 1439 925 1501 poeticis
971 1447 1020 1488 et
1064 1439 1322 1495 rhetoricis,
1367 1439 1508 1487 modo
1553 1438 1604 1485 in
1642 1433 1972 1501 philosophicis
2015 1432 2187 1487 studiis,
2228 1439 2277 1480 et
2320 1432 2462 1480 modo
2507 1430 2557 1479 in

636 1523 923 1589 theologicis,
968 1526 1015 1574 se
1055 1526 1277 1583 exercuit,
1323 1526 1392 1574 ita
1429 1532 1483 1574 ut
1528 1524 1579 1573 in
1623 1522 1751 1572 omni
1794 1537 1967 1587 genere
2010 1518 2310 1568 scientiarum
2354 1516 2558 1567 (1οᾶἰῶ-

637 1625 742 1657 mus
776 1610 1041 1660 haberetur.
1110 1613 1313 1661 Demum
1352 1611 1630 1676 longinquas
1666 1607 1804 1672 petiit
1842 1607 2069 1670 regiones,
2110 1612 2166 1654 ut
2206 1605 2302 1654 illio
2337 1603 2557 1652 meliores

637 1695 685 1741 in
732 1695 890 1745 studiis
931 1696 1194 1763 progrefl'us
1236 1698 1440 1753 faceret;
1481 1704 1530 1745 et
1569 1708 1678 1744 cum
1721 1694 1771 1741 in
1815 1692 1982 1749 Gallia,
2028 1691 2295 1746 Germania,
2332 1697 2382 1739 et
2418 1689 2559 1739 Italia

635 1783 1026 1846 peregrinaretur,
1062 1785 1187 1833 inter
1221 1801 1384 1833 omnes
1430 1784 1555 1832 viros
1600 1783 1766 1831 dostos
1802 1780 1928 1828 illius
1975 1778 2114 1828 seculi
2149 1785 2376 1842 tanquam
2418 1778 2559 1827 mira-

635 1868 790 1927 culum
836 1870 1092 1928 doetrinae,
1134 1871 1357 1920 divinitus
1402 1869 1598 1926 missum,
1642 1875 1747 1916 tum
1795 1867 1920 1915 inter
1964 1865 2249 1921 Pontificios,
2285 1871 2389 1913 tum
2434 1865 2559 1914 inter

636 1954 961 2014 Protestantes,
991 1958 1181 2007 habitus
1215 1958 1292 2007 est.
1367 1958 1479 2006 Vita
1516 1955 1654 2021 ipfius
1687 1956 1747 2003 ab
1787 1954 1911 2003 Aldo
1947 1952 2163 2002 Manutio
2198 1952 2370 2017 scripta
2409 1952 2474 2001 est
2509 1952 2558 2000 in

635 2041 922 2103 praefatione
967 2044 1422 2093 Commentariorum
1462 2044 1523 2092 ad
1567 2042 1815 2091 Paradoxa
1859 2041 2110 2098 Ciceronis,
2156 2056 2274 2104 quos
2323 2055 2559 2089 commen-

637 2127 781 2175 tarios
814 2129 965 2177 eidem
999 2130 1212 2179 Critonio
1240 2129 1449 2179 inscribit
1483 2129 1775 2193 dedicatque.
1837 2129 1895 2177 In
1926 2129 2098 2177 horum
2125 2127 2323 2177 decursu
2350 2127 2559 2176 carmina

636 2211 834 2261 Critonii
878 2216 1102 2264 nonnulla
1146 2218 1206 2264 ab
1245 2215 1491 2264 oblivionis
1534 2216 1704 2280 injuria
1747 2216 1952 2265 vindicat
1996 2215 2251 2272 Manutius,
2294 2231 2404 2263 cum
2447 2214 2559 2263 mir-

638 2297 750 2346 abili
801 2299 882 2349 illo
930 2309 1275 2366 programmate
1330 2302 1476 2350 valvis
1532 2303 1813 2352 Academiae
1861 2303 2118 2351 Patavinae
2163 2303 2318 2358 affixo,
2365 2302 2415 2350 in
2465 2318 2559 2366 quo

640 2384 824 2447 publice
878 2386 924 2435 se
978 2388 1151 2436 obtulit
1206 2395 1371 2437 contra
1432 2405 1594 2438 omnes
1647 2388 1922 2454 profefl'ores
1977 2396 2026 2437 et
2082 2389 2301 2438 doctores
2356 2388 2559 2453 ejusdem

643 2471 921 2529 academiae,
961 2474 1056 2523 imo
1095 2474 1241 2523 totius
1285 2474 1463 2530 Italiae,
1501 2475 1559 2524 de
1598 2477 1726 2524 omni
1773 2476 2038 2541 quaestione
2077 2476 2252 2524 artium
2290 2482 2373 2524 aut
2416 2475 2561 2524 scien-

638 2556 811 2606 tiarum
840 2576 947 2628 oum
975 2560 1068 2609 illis
1100 2559 1328 2609 disserere.
1388 2561 1526 2618 Quod
1558 2564 1713 2626 postea
1738 2563 1896 2627 [fecit]
1923 2563 1972 2611 in
2000 2562 2264 2627 praecipuis
2295 2562 2558 2619 academiis,

641 2645 844 2694 maxime
879 2663 991 2695 vero
1027 2648 1076 2695 in
1111 2647 1208 2711 ipsa
1248 2649 1463 2696 Romana
1506 2649 1708 2707 civitate,
1747 2650 2068 2714 praesentibus
2101 2650 2337 2715 pontifice,
2378 2650 2560 2699 cardin-

642 2732 805 2789 alibus,
840 2734 1048 2790 ducibus,
1088 2735 1387 2799 principibus,
1432 2736 1624 2801 aliisque
1660 2737 1815 2786 dofflfis
1854 2738 1978 2794 viris,
2023 2738 2073 2786 in
2114 2755 2208 2802 qua
2246 2745 2429 2787 tantam
2477 2740 2560 2787 ob-

643 2818 785 2867 tinuit
839 2820 1038 2878 laudem,
1096 2821 1306 2886 gloriam,
1355 2829 1404 2870 et
1451 2823 1711 2880 vietoriam,
1763 2831 1817 2872 ut
1866 2841 1895 2873 a
1941 2824 2185 2873 Clemente
2235 2825 2418 2874 Ofitavo
2471 2841 2558 2889 pro

644 2906 905 2956 admirabili
950 2907 1087 2972 ipfius
1137 2908 1325 2972 ingenio
1369 2916 1418 2958 et
1466 2910 1695 2966 doctrina,
1749 2912 2104 2960 commendatus
2158 2911 2304 2960 fuerit
2357 2912 2557 2977 principi

644 3000 692 3041 et
737 2994 843 3042 duci
887 2995 945 3043 de
989 2995 1198 3051 Mantua,
1235 2996 1295 3044 ad
1336 2996 1486 3044 filium
1530 2997 1663 3046 suum
1708 2998 2041 3047 instituendum
2084 2999 2135 3046 in
2179 2998 2309 3047 omni
2348 2999 2556 3062 politiori

644 3079 869 3130 doctrina.
937 3083 981 3130 A
1015 3098 1109 3146 quo
1138 3082 1294 3146 postea
1326 3083 1376 3131 in
1404 3083 1640 3133 nocturna
1672 3085 1875 3150 quadam
1902 3085 2235 3140 ambulatione,
2271 3085 2397 3149 quod
2430 3101 2557 3133 ama-

644 3166 752 3215 siam
787 3166 1007 3232 principis
1039 3168 1285 3232 deperiret,
1322 3170 1570 3219 infeliciter
1599 3170 1669 3219 est
1698 3171 1976 3222 interfectus
2004 3172 2054 3220 in
2089 3171 2259 3221 aetatis
2278 3167 2395 3220 ⁴suae
2425 3172 2554 3228 flore,

643 3268 750 3301 cum
801 3253 879 3301 vix
922 3254 1208 3319 trigesimum
1260 3255 1483 3321 attigiss'et
1537 3274 1726 3307 annum.
1828 3259 1943 3323 Ejus
1999 3259 2176 3323 effigies
2227 3259 2277 3307 in
2326 3258 2556 3308 Vaticana
