2938 3900
642 470 700 512 22
1162 466 1249 510 DE
1300 466 1759 511 SCRIP'I'ORIBUS
1807 466 2032 510 sco‘rls.

644 595 857 643 Roberto
898 592 1100 642 secundo
1138 593 1240 657 regi
1292 592 1393 657 ejus
1445 591 1651 640 nominis
1687 607 1837 640 carus.
1922 592 2044 641 Cum
2084 591 2293 640 Hem-ico
2344 591 2580 647 Wardlao,

643 681 990 746 archiepiscopo
1034 680 1178 729 tertio
1224 679 1270 728 S.
1308 679 1542 734 Andreae,
1588 677 1649 727 ad
1694 678 1918 727 Carolum
1958 678 2142 728 Galliae
2179 695 2341 744 regem
2387 679 2583 727 destina?

643 777 722 819 tus
757 775 931 824 orator,
971 767 1174 817 foederis
1209 783 1317 816 cum
1355 766 1603 815 Gallorum
1635 772 1778 830 gente
1812 765 2011 815 feriendi
2037 765 2204 830 gratia,
2240 773 2342 815 tam
2374 766 2585 830 graviter

645 865 694 906 et
741 856 1001 921 prudenter
1034 871 1207 904 munus
1242 854 1376 904 suum
1416 853 1466 902 in
1505 870 1563 902 ea
1597 852 1835 918 legatione
1869 853 2065 902 functus
2104 854 2181 910 est,
2219 860 2274 902 ut
2312 853 2374 902 ad
2413 853 2586 918 episco-

645 952 810 1009 patum
861 942 1206 993 Pictaviensem
1250 960 1280 991 a
1326 942 1497 991 Carolo
1553 957 1666 1006 rege
1713 939 1768 988 fit
1814 942 2047 997 eve&us;
2108 949 2158 990 et
2207 957 2268 990 ne
2318 941 2434 1006 quid
2484 942 2583 1005 ejus

646 1031 865 1097 dignitati
911 1029 1097 1087 deeffet,
1138 1047 1168 1079 a
1205 1030 1438 1094 Gregorio
1479 1027 1742 1078 Undecimo
1789 1028 2009 1084 obtinuit,
2049 1035 2104 1076 ut
2142 1028 2411 1093 patriarcha
2451 1030 2588 1077 Anti-

646 1119 810 1167 ochiae
863 1118 1141 1174 declaretur,
1199 1133 1308 1166 cum
1351 1117 1495 1182 paulo
1539 1123 1652 1166 ante
1696 1115 1993 1165 cardinalitia
2037 1116 2269 1182 dignitate
2313 1118 2375 1166 ab
2420 1117 2586 1166 eodem

645 1206 867 1270 pontifice
906 1220 994 1269 pro
1037 1203 1176 1269 ipfius
1214 1204 1468 1269 prudentia
1511 1211 1561 1253 et
1608 1203 1874 1252 eruditione
1916 1211 2112 1254 ornatus
2157 1202 2305 1261 effet;
2357 1221 2444 1253 nec
2488 1211 2587 1253 tam

646 1293 864 1358 precibus
907 1293 1030 1342 tanti
1082 1292 1207 1358 regis
1249 1293 1366 1341 haec
1409 1291 1628 1348 obtinuit,
1669 1290 1749 1339 led
1791 1291 1931 1356 longe
1976 1291 2167 1356 quidem
2213 1292 2364 1357 magis
2407 1292 2590 1340 meritis

646 1381 849 1445 propriis
870 1379 1154 1445 impetravit,
1178 1386 1233 1428 ut
1254 1380 1452 1428 testatur
1488 1379 1807 1428 Demochares
1828 1387 1960 1429 tomo
1983 1380 2196 1429 secundo.
2267 1380 2457 1445 Scripfit

847 1467 1097 1516 Orationes
1119 1467 1394 1516 Gratiarum
1416 1466 1478 1515 ad
1501 1466 1786 1531 Gregorium
1809 1468 2136 1517 Undecimum.

845 1555 1158 1619 Epistolarum
1199 1555 1278 1603 lib.
1316 1555 1379 1603 ad
1418 1554 1672 1619 Episcopos
1711 1563 1761 1605 et
1800 1556 2035 1605 Doctores
2071 1556 2335 1613 Scotorum
2376 1573 2463 1621 pro
2503 1555 2590 1603 Ca·-

913 1641 1091 1691 tholica
1113 1642 1231 1691 Fide
1253 1642 1587 1691 confirmanda.

649 1729 834 1778 Claruit
855 1745 981 1779 anno
1005 1728 1195 1795 [1389]
1220 1736 1450 1795 regnante
1473 1730 1687 1779 Roberto
1711 1729 1941 1778 Secundo.

1219 1923 1307 1971 DE
1341 1923 1431 1971 AN
1433 1923 1613 1972 DREA
1648 1925 2023 1975 FORMANNO.

651 2081 898 2128 Annum
945 2077 1266 2126 Fommws
1311 2076 1687 2142 Edinburgenfia
1733 2081 1814 2129 alii
1859 2097 1972 2130 vero
2016 2081 2152 2129 illum
2198 2080 2592 2146 Andreapolitan-

650 2184 732 2216 um
788 2164 879 2216 effe
935 2166 1114 2223 volunt,
1160 2182 1190 2214 a
1234 2165 1411 2214 teneris
1466 2165 1602 2214 annis
1657 2167 1806 2216 literis
1851 2176 1900 2218 et
1944 2168 2111 2233 pietati
2156 2168 2340 2233 semper
2391 2168 2591 2224 deditus,

650 2260 871 2319 parentes
914 2253 1082 2302 habuit
1131 2252 1313 2309 divites
1365 2269 1567 2316 quorum
1617 2270 1732 2304 cura
1773 2263 1823 2304 et
1873 2254 2090 2320 impenfis
2134 2255 2200 2304 est
2251 2255 2380 2304 domi
2424 2255 2592 2303 educa-

651 2349 771 2398 tus;
822 2339 992 2388 deinde
1047 2338 1370 2403 Andreapolin
1419 2338 1592 2396 miffus,
1649 2341 1731 2390 ubi
1784 2343 1996 2391 animum
2046 2342 2378 2407 philosophicis
2433 2342 2592 2391 studiis

652 2435 703 2477 et
746 2427 929 2478 artibus
980 2425 1204 2482 excoluit,
1248 2432 1445 2490 propter
1488 2425 1628 2491 ipfius
1671 2428 1943 2479 industriam
1989 2430 2039 2478 in
2083 2429 2233 2478 literis
2276 2436 2326 2478 et
2370 2411 2593 2494 eloquen-

652 2516 733 2572 tia,
781 2521 893 2564 ante
939 2530 1102 2563 omnes
1145 2513 1488 2562 commilitones
1533 2514 1598 2563 est
1638 2515 1802 2564 laurea
1840 2516 2096 2582 infignitus.
2180 2517 2347 2565 Postea
2385 2517 2434 2564 in
2481 2517 2593 2565 Gal-

653 2604 741 2652 lias
787 2609 837 2651 et
887 2602 1075 2650 Italiam
1122 2601 1188 2649 est
1234 2601 1490 2665 profectus,
1530 2601 1613 2650 ubi
1659 2603 1942 2654 celebriores
1979 2604 2243 2654 academias
2283 2604 2591 2669 perlustravit,

654 2697 704 2739 et
750 2705 858 2738 cum
904 2687 1175 2738 doctiflimis
1223 2687 1556 2754 profefl'oribus
1604 2690 1866 2741 collocutus
1905 2693 2005 2749 est;
2056 2692 2225 2740 deinde
2266 2692 2470 2740 Romam
2514 2708 2594 2755 pe-

653 2777 745 2833 tiit,
785 2776 868 2825 ubi
906 2792 993 2841 per
1030 2774 1275 2825 biennium
1314 2776 1379 2824 est
1414 2785 1744 2828 commoratus.
1819 2780 2010 2828 Interea
2043 2786 2239 2844 propter
2274 2777 2412 2843 ipfius
2446 2778 2595 2843 pieta?

653 2873 769 2922 tem,
807 2863 1135 2921 eruditionem,
1178 2870 1228 2913 et
1262 2863 1569 2913 constantiam
1606 2866 1819 2929 pontifici
1854 2883 1991 2916 carus
2028 2867 2215 2923 fuerat3
2258 2883 2400 2931 quem
2438 2865 2595 2930 postea

655 2953 782 3002 idem
826 2952 1040 3017 pontifex
1084 2952 1146 3002 ad
1195 2951 1431 3000 «Iacobum
1482 2952 1719 3010 Quartum
1770 2954 2033 3012 Scotorum,
2085 2954 2185 3021 post
2231 2953 2381 3018 patris
2425 2952 2593 3001 Jacobi

656 3039 805 3089 Tertii
843 3040 1039 3096 obitum,
1080 3039 1143 3088 ad
1193 3037 1528 3088 confiliandum
1566 3037 1705 3096 mifit,
1745 3056 1775 3088 a
1818 3055 1915 3104 quo
1958 3039 2250 3105 episcopatus
2293 3035 2594 3086 Moravienfis

656 3125 742 3191 ipfl
780 3127 846 3177 est
890 3125 1140 3177 concefl'us.
1222 3126 1391 3176 Postea
1432 3143 1464 3176 a
1504 3127 1689 3177 Jacobo
1724 3127 1910 3185 Quarto
1943 3143 2056 3192 rege
2097 3126 2148 3176 in
2191 3124 2371 3174 Gallias
2409 3123 2594 3188 legatus

657 3213 719 3262 ad
757 3213 1047 3264 Ludovicum
1083 3230 1245 3280 regem
1284 3212 1446 3265 missus
1483 3215 1561 3272 est,
1598 3231 1630 3264 a
1667 3229 1765 3278 quo
1802 3229 1890 3278 pro
1914 3213 2120 3279 ‚egregia
2159 3210 2299 3275 ipfius
2331 3210 2509 3275 pietate
2544 3217 2594 3258 et
