2938 3900
610 416 669 458 80
1146 412 1230 455 DE
1281 410 1737 456 SCRIPTORIBUS
1787 410 2010 453 SCOTIS.

614 538 891 605 penetravit,
926 538 1138 600 adeoque
1171 531 1449 584 incessanter
1480 533 1612 581 libris
1643 532 1839 581 inhaefit
1872 541 1926 581 ut
1959 534 2151 582 tandem
2185 533 2250 583 ibi
2282 533 2545 599 supremam

613 628 660 675 in
700 626 828 675 sacra
871 622 1109 687 theologia
1143 622 1352 670 lauream
1387 618 1443 667 fit
1488 617 1776 676 consecutus,
1822 618 1955 668 fimul
1991 620 2041 668 in
2089 636 2146 670 ea
2178 621 2363 670 sublimi
2403 622 2546 670 facul-

611 719 710 761 tate
749 712 917 760 dofitor
953 715 1151 764 creatus,
1182 713 1231 755 et
1269 703 1494 770 proseffor
1526 705 1711 763 factum
1753 712 1950 770 eratque
1987 706 2187 756 Joannis
2226 708 2361 757 Duns
2401 709 2542 763 Scoti,

613 798 808 847 Subtilis
847 796 1079 850 Doctoria
1122 794 1327 843 sectator
1364 792 1575 857 diligens,
1621 791 1811 857 ejusque
1851 792 2054 857 vestigiis
2091 792 2297 843 insistens
2332 794 2544 843 defensor

612 885 833 934 strenuus.
902 882 1013 930 Fuit
1052 880 1195 930 etiam
1235 895 1357 928 unus
1395 895 1456 927 ex
1496 878 1764 943 quindecim
1804 880 2069 945 praecipuis
2105 881 2380 932 doctoribus
2418 883 2544 931 illius

611 969 798 1026 ordinis,
837 968 918 1034 qui
954 968 1003 1016 in
1039 966 1239 1016 circuitu
1271 965 1504 1030 sepulchri
1539 967 1739 1030 praefati
1776 968 1911 1016 Duns
1950 967 2220 1017 nominibus
2258 970 2357 1018 aeri
2393 969 2543 1018 incifis

613 1058 845 1122 leg-tmtur,
886 1056 935 1104 in
973 1053 1162 1104 ecclefia
1204 1060 1463 1102 conventus
1500 1054 1674 1103 veteris
1712 1054 1952 1104 Minorum
1996 1056 2233 1105 Coloniae.
2315 1056 2402 1105 Vir
2445 1057 2543 1121 pie-

609 1145 721 1195 tatis
762 1151 811 1193 et
848 1142 1125 1193 eruditionis
1158 1141 1311 1191 titulis
1347 1141 1430 1190 suo
1469 1148 1682 1206 tempore
1720 1159 1816 1191 non
1851 1143 2112 1199 incelebris,
2151 1150 2201 1192 et
2243 1150 2348 1192 tum
2394 1143 2544 1191 divin-

610 1248 743 1282 arum
782 1239 886 1281 tum
921 1230 1199 1280 secularium
1237 1230 1482 1279 literarum
1521 1228 1703 1294 scriptis
1738 1230 1961 1294 legendis,
2001 1230 2268 1287 scribendis
2304 1230 2544 1280 imitandis

611 1321 813 1369 multum
849 1318 1069 1368 deditus:
1106 1318 1217 1368 hinc
1249 1317 1453 1382 plurima
1487 1317 1665 1382 ingenii
1699 1316 1768 1365 sui
1801 1324 2109 1367 monumenta
2146 1317 2403 1366 admodum
2439 1317 2544 1366 sub-

610 1408 712 1457 tilia
756 1415 806 1456 et
848 1406 1165 1472 philosophica
1219 1405 1477 1470 posteritati
1532 1411 1760 1454 venturae
1815 1404 2019 1468 reliquit,
2077 1405 2203 1452 inter
2260 1422 2380 1468 quae
2427 1405 2543 1454 haec

612 1494 822 1560 subjtha
843 1494 1084 1543 fenmtur:

807 1580 1157 1630 Commentaria
1178 1580 1227 1628 in
1250 1578 1395 1628 libros
1417 1586 1621 1643 quatuor
1642 1578 1851 1643 Magistri
1875 1578 2241 1628 Sententiarum.

805 1669 927 1717 Item
950 1666 1247 1724 Quodlibeta.

805 1754 1135 1803 Formalitates
1156 1753 1214 1801 de
1237 1750 1540 1816 Expofitione
1563 1752 1843 1803 Divinorum
1867 1753 2137 1802 Nominum.

805 1842 876 1891 De
900 1841 1060 1890 Primo
1083 1839 1332 1904 Principio.

764 1912 775 1924 ⁶
809 1927 1231 1994 Quadragefimale,
1256 1934 1305 1976 et
1327 1926 1579 1977 Sermones
1599 1927 1659 1976 de
1682 1926 1882 1977 Sam‘stis.

805 2017 878 2065 De
904 2017 1190 2080 Paupertate
1213 2014 1383 2064 Christi
1407 2022 1456 2063 et
1479 2014 1823 2079 Apostolorum.

805 2106 876 2153 De
899 2104 1168 2153 Virtutibus
1191 2111 1239 2152 et
1262 2102 1403 2152 Vitiis
1426 2103 1729 2167 Capitalibus.

804 2192 877 2240 De
904 2192 1111 2256 Angelis,

809 2279 881 2328 De
904 2278 1080 2343 septem
1104 2278 1252 2326 Donis
1275 2277 1478 2341 Spiritus
1502 2277 1678 2326 Samffi.

609 2365 671 2413 Et
707 2366 799 2414 alia
837 2366 940 2430 lege
976 2365 1026 2413 in
1061 2364 1216 2414 nostro
1255 2364 1483 2428 Catalogo
1522 2363 1816 2427 Scriptorum
1852 2362 2033 2412 nostrae
2070 2363 2250 2412 Gentis.
2333 2363 2540 2432 Naturae

607 2459 765 2500 autem
814 2450 940 2501 ceffit
988 2468 1112 2500 anno
1155 2451 1336 2516 gratiae
1382 2452 1525 2507 1:320,
1571 2450 1684 2499 dum
1730 2450 1902 2500 Scotici
1946 2451 2081 2515 regni
2126 2451 2310 2500 clavum
2356 2459 2539 2500 teneret

611 2539 848 2587 Robertus
870 2538 1070 2595 Primus,
1093 2544 1405 2603 cognomento
1427 2536 1649 2587 Bruflius.

1095 2735 1182 2783 DE
1218 2734 1543 2790 HERVAEQ
1580 2735 1726 2783 SIVE
1761 2733 2039 2783 HERISIO.
2110 2696 2115 2700 Π

611 2885 910 2943 ΗΕΒνΑΕυΒ,
957 2886 1047 2935 five
1092 2886 1310 2945 Herifius,
1356 2887 1538 2936 Natalis
1582 2887 1751 2945 dictus,
1796 2888 1987 2937 natione
2033 2888 2213 2946 Scotus,
2260 2906 2320 2938 ex
2359 2892 2537 2940 vetusta

604 2973 779 3022 familia
840 2972 1139 3030 Herifiorum,
1196 2974 1339 3039 vulgo
1390 2974 1579 3031 Harvie,
1630 2974 1681 3023 in
1731 2973 1910 3031 Infulis,
1971 2975 2098 3025 inter
2152 2977 2420 3034 monachos,
2482 2985 2536 3026 ut

609 3061 876 3118 GodwinuS,
923 3061 1234 3126 Dempsterus
1279 3059 1711 3118 MalmesburienfiS,
1757 3061 2087 3118 Bellarminus,
2132 3063 2391 3112 monachus
2428 3063 2536 3111 Pas-

611 3146 805 3203 latenfis,
846 3155 895 3197 et
938 3148 1018 3197 alii
1061 3148 1302 3205 testantur,
1358 3148 1676 3199 Melrofienses
1725 3148 1965 3205 educatus,
2016 3148 2174 3213 postea
2216 3149 2278 3198 ad
2324 3149 2536 3215 Bangor·

607 3233 712 3282 ense
766 3234 1041 3282 coenobium
1094 3234 1344 3283 transsatus
1391 3235 1470 3284 est.
1554 3236 1631 3285 Ab
1685 3234 1998 3286 adolescentia
2050 3236 2100 3284 in
2150 3235 2312 3287 studiis
2360 3237 2534 3287 artium
