2938 3900
987 479 1073 521 DE
1126 478 1583 524 SCRIPTORIBUS
1634 480 1857 523 SCOTIS.
2309 486 2391 530 109

451 606 559 654 dam
591 603 901 653 concionandi
931 620 1105 669 genere
1142 605 1362 662 emicuit;
1399 621 1455 653 ac
1489 605 1637 654 veluti
1671 606 1794 655 alter
1823 606 2070 656 eledtionis
2105 623 2186 656 vas
2221 610 2397 657 mundo

449 693 649 748 oblatus,
692 699 877 742 tantam
922 692 1099 758 ingenii
1135 693 1231 742 vim
1271 700 1320 742 et
1360 694 1559 743 docendi
1598 695 1745 743 robur
1780 695 1839 743 de
1882 695 1928 743 se
1967 695 2178 752 ostendit,
2226 697 2274 744 in
2320 698 2398 744 de-

449 780 810 831 clamationibus
855 781 916 829 ad
963 782 1192 846 populum
1230 781 1299 831 ita
1337 781 1493 831 verbis
1530 781 1682 839 lectis,
1723 782 1875 831 multo
1921 798 2030 832 cum
2076 783 2264 849 spiritus
2309 785 2398 831 fer-

448 885 573 925 vore,
618 868 816 918 disertus
857 876 974 926 erat,
1014 876 1063 918 et
1102 869 1410 919 sententiosus
1453 869 1597 919 etiam
1637 886 1811 919 canora
1849 887 1975 928 voce,
2012 871 2160 928 vultu,
2200 888 2256 921 ac
2295 889 2398 921 cae-

446 958 562 1022 teris
602 957 814 1023 corporis
851 957 1060 1007 motibus
1094 958 1156 1007 ad
1191 975 1294 1007 rem
1331 965 1433 1007 erat
1468 958 1862 1014 accommodatus,
1899 965 1953 1007 ut
1989 958 2108 1007 nihil
2143 960 2204 1008 ad
2245 960 2398 1010 laudis

447 1046 690 1095 cumulum
734 1045 908 1096 addere
953 1045 1104 1111 poffis.
1178 1046 1370 1104 Quanta
1414 1052 1575 1095 autem
1619 1045 1760 1111 hujus
1805 1046 1894 1094 viri
1940 1046 2171 1104 doE'crina,
2218 1054 2396 1113 quanta

448 1133 746 1200 eloquentiae
790 1134 861 1183 vis
900 1150 956 1183 ac
999 1134 1212 1200 majestas
1250 1134 1408 1191 fuerit,
1453 1133 1628 1198 partim
1673 1150 1734 1182 ex
1778 1133 2081 1191 sermonibus
2121 1134 2295 1200 partim
2336 1151 2395 1182 ex

448 1222 651 1288 epistolis
683 1229 732 1272 et
769 1221 1063 1272 orationibus
1092 1239 1122 1271 a
1150 1222 1196 1272 se
1235 1220 1538 1272 eruditiffime
1570 1221 1720 1278 editis,
1753 1222 1947 1286 quisque
1988 1222 2190 1271 dilucide
2227 1223 2394 1273 elicere

447 1310 609 1374 potest.
678 1308 870 1374 Scripfit
893 1308 1020 1358 enim

534 1441 542 1447 .
647 1396 885 1446 Buccinae
908 1397 1137 1445 Afflatum
1159 1397 1380 1461 primum,
1404 1395 1484 1444 lib.
1513 1411 1544 1443 1.

650 1483 727 1531 Ad
750 1482 1012 1547 Populares
1035 1482 1234 1540 Scotiae,
1258 1481 1338 1530 lib.
1364 1496 1396 1529 1.

648 1569 903 1621 Confilium
926 1570 977 1619 in
999 1570 1074 1619 his
1096 1570 1348 1636 Angustiis.

645 1658 790 1724 Epist.
812 1659 874 1709 ad
897 1658 1231 1708 Londinienses
1254 1665 1302 1708 et
1325 1658 1454 1715 alios,
1479 1658 1558 1708 lib.
1582 1673 1616 1708 1.

648 1746 828 1796 Contra
850 1745 1036 1796 Mifl'am
1059 1746 1352 1812 Papisticam,
1376 1745 1456 1795 lib.

648 1834 704 1883 In
729 1824 934 1884 Genefin
960 1835 1235 1885 conciones,

450 1922 514 1971 Et
548 1923 641 1971 alia
673 1923 893 1987 plurima,
930 1940 1052 1989 quae
1087 1923 1200 1972 alibi
1234 1940 1264 1973 a
1297 1922 1434 1971 nobis
1462 1922 1604 1973 fufius
1639 1930 1989 1973 enumerantur.
2059 1924 2241 1974 Olaruit
2271 1941 2394 1975 anno

449 2010 642 2060 Gratiae
668 2013 812 2067 1559,
836 2012 920 2060 sub
944 2011 1132 2061 Scotiae
1155 2011 1321 2077 regina
1346 2011 1511 2060 Maria.

1014 2209 1102 2259 DE
1134 2208 1391 2258 JOANNE
1425 2167 1828 2257 DEMPSTERQ

447 2362 681 2412 JOANNES
721 2362 1076 2419 DEMPsTERus,
1113 2362 1193 2411 seu
1235 2361 1495 2411 Themistor
1539 2360 1708 2417 dietus,
1751 2361 1785 2409 J
1786 2361 1885 2409 uris
1924 2359 2164 2424 utriusque
2211 2360 2394 2409 Doctor

449 2450 678 2507 Lutetiae,
726 2457 774 2499 et
819 2450 1107 2516 reipublicae
1166 2450 1378 2500 Venetae
1434 2447 1834 2505 bibliothecarius,
1879 2463 2054 2514 genere
2100 2454 2148 2496 et
2203 2448 2392 2496 natione

451 2540 633 2595 ScotuS‚
669 2555 729 2588 ex
762 2539 955 2588 honesta
986 2539 1167 2589 familia
1198 2538 1582 2603 Dempsterorum
1613 2536 1852 2592 oriundus,
1896 2542 1945 2583 et
1982 2534 2188 2584 Thomae
2219 2534 2394 2599 Demp-

448 2626 567 2682 steri,
599 2625 690 2673 viri
729 2626 907 2675 literati
947 2633 996 2675 et
1035 2643 1188 2691 nuper
1221 2625 1477 2676 admodum
1517 2623 1742 2678 defuncti,
1777 2621 1994 2688 gentilis3
2035 2621 2117 2686 qui
2149 2621 2392 2687 postquam

449 2713 725 2762 literaturae
771 2712 1065 2762 humanioris
1110 2712 1398 2762 curriculum
1443 2707 1717 2766 absolviffet‚
1758 2707 1917 2758 miffus
1962 2709 2027 2758 est
2070 2709 2131 2757 ad
2179 2709 2392 2758 Aberdo-

449 2799 589 2850 nense
643 2799 950 2865 gymnasium'
985 2801 1046 2850 ad
1102 2799 1322 2850 liberales
1377 2806 1504 2849 artes
1559 2797 1878 2862 capescendas,
1939 2798 2020 2846 ubi
2075 2796 2393 2862 philosophica

450 2887 611 2944 studia,
652 2894 707 2937 ut
740 2887 886 2937 moris
920 2888 997 2946 est,
1037 2888 1290 2938 inchoavit.
1355 2887 1450 2936 Sed
1489 2901 1545 2935 eo
1587 2885 1724 2935 cursu
1758 2891 1953 2950 propter
1994 2901 2205 2934 amorem
2239 2885 2394 2949 ponti-

449 2976 582 3026 ficiae
616 2975 857 3040 religionis
888 2975 1071 3033 relicte,
1106 2975 1432 3026 transfretavit
1463 2973 1514 3022 in
1548 2972 1764 3030 Galliam,
1797 2978 1846 3022 et
1879 2972 2179 3021 Lutetianam
2213 2973 2392 3021 Acade-

450 3063 607 3118 miam,
639 3061 788 3111 totius
822 3062 1006 3112 Galliae
1046 3062 1414 3117 celeberrimam,
1450 3059 1580 3116 adiit,
1620 3059 1779 3126 ibique
1822 3059 1971 3109 studia
2010 3060 2276 3125 interrupta
2319 3078 2393 3110 re-

451 3150 623 3215 petiit;
660 3157 803 3214 atque
840 3150 942 3216 post
981 3149 1195 3200 absoluta
1230 3146 1550 3214 philosophiae
1584 3146 1746 3205 studia,
1773 3146 2170 3213 jurisprudentiae
2201 3164 2393 3214 operam

452 3238 594 3294 dedit,
640 3237 760 3287 tales
818 3244 979 3288 autem
1029 3236 1280 3302 tantosque
1322 3234 1550 3300 temporis
1593 3233 1795 3285 successu
1847 3233 2112 3301 progressus
2163 3235 2287 3292 fecit,
2340 3244 2394 3285 ut

452 3325 694 3390 utriusque
744 3325 867 3391 juris
921 3325 1092 3375 doctor
1141 3330 1384 3374 crearetur
1435 3322 1780 3373 celeberrimus.
1872 3323 1993 3372 Cum
2045 3323 2134 3373 hac
2196 3323 2392 3379 ratione,
