2938 3900
582 464 639 504 52
1114 456 1200 499 DE
1246 450 1700 498 SCRIPTORIBUS
1737 449 1958 493 SCOTIS.

582 582 846 650 quindecim
890 580 1038 630 millia
1081 578 1208 628 sacro
1253 593 1308 626 ac
1354 575 1540 624 lustrico
1591 574 1722 622 fonte
1770 572 1987 622 abluerit.
2073 571 2225 620 Annis
2259 579 2507 636 praeterea

582 672 688 736 plus
724 670 879 719 minus
911 665 1237 732 septemdecim
1278 661 1535 727 episcopale
1581 675 1753 708 munus
1788 658 2110 707 Lindisfiarnae
2154 659 2504 709 administravit.

583 758 694 807 Fuit
728 758 884 821 itaque
916 751 1279 804 Northumbriae
1319 749 1563 814 apostolus,
1591 745 1976 795 Lindisfarnenfis
2009 746 2394 812 archiepiscopus,
2425 748 2506 811 qui

584 844 792 909 regulam
826 840 1182 891 Benedifflfinam
1219 836 1503 892 reformavit,
1545 843 1593 883 et
1631 835 1678 883 S.
1722 834 1939 891 Heinam‚
1980 834 2183 899 primam
2223 844 2508 885 conventu&

585 931 675 979 lem
704 929 809 977 suae
844 926 1025 991 patriae
1055 925 1319 979 monialem,
1344 921 1528 971 velavit.
1598 921 1684 969 Vir
1717 938 1916 986 magnae
1951 922 2229 972 eruditionis
2258 930 2307 972 et
2340 922 2511 973 sancti-

585 1017 705 1071 tatis»,
762 1013 1047 1063 incredibilis
1090 1010 1442 1075 temperantiae,
1489 1009 1539 1056 iu
1584 1009 1753 1058 divinis
1798 1009 1948 1059 literis
1992 1010 2205 1075 apprime
2258 1011 2467 1060 versatus
2497 1030 2506 1059 :

586 1103 679 1167 qui,
726 1109 779 1150 ut
823 1101 1016 1150 tradunt
1066 1099 1198 1147 Beda
1244 1106 1292 1146 et
1340 1097 1505 1162 Major,
1552 1113 1647 1144 non
1691 1096 1830 1145 aliter
1875 1097 2075 1146 docebat
2119 1114 2262 1162 quam
2308 1098 2509 1154 vivebat,

584 1187 698 1235 nihil
737 1187 863 1235 enim
897 1186 1035 1251 hujus
1065 1185 1228 1233 mundi
1265 1200 1491 1249 quaerere
1518 1184 1592 1233 vel
1623 1200 1783 1232 amare
1819 1186 2028 1240 curabat,
2064 1192 2113 1233 et
2153 1201 2274 1248 quae
2312 1185 2510 1249 sequun-

585 1284 677 1323 tur.
747 1275 895 1323 Porro
918 1271 1133 1338 scripfifl'e
1156 1272 1444 1337 perhibetur,

779 1362 835 1410 In
859 1361 1151 1425 Scripturam
1175 1358 1562 1415 Commentarios,
1587 1359 1666 1407 lib.
1691 1374 1722 1406 1.

779 1448 1007 1497 Homilias
1030 1455 1078 1496 et
1102 1447 1374 1503 Conciones‚
1399 1446 1478 1494 lib.
1503 1461 1535 1493 1.

780 1536 852 1584 De
876 1536 1050 1585 Sancta
1073 1535 1303 1584 Trinitate
1327 1534 1651 1591 Personarum,
1675 1534 1754 1583 lib.
1779 1549 1811 1582 1.

780 1623 1039 1672 Conciones
1061 1622 1283 1687 quasdam
1307 1622 1366 1669 de
1389 1620 1576 1669 selectis
1598 1621 1733 1670 Locis
1755 1621 2067 1685 Epistolarum
2090 1622 2241 1678 Pauli,
2266 1630 2353 1670 etc.

587 1714 641 1760 In
676 1711 890 1763 humanis
925 1709 1015 1759 effe
1046 1709 1176 1758 desiit
1206 1709 1325 1773 prid.
1363 1708 1448 1757 cal.
1486 1708 1725 1773 Septemb.
1754 1725 1879 1757 anno
1907 1725 1936 1757 a
1963 1709 2257 1773 plenitudine
2286 1710 2513 1773 temporis

588 1802 694 1854 651,
719 1798 802 1847 sub
826 1798 1130 1862 Ferquhardo
1155 1797 1384 1845 Secundo.

1298 1994 1385 2041 DE
1419 1991 1783 2042 COLMANNO.

587 2150 908 2203 COLMANsz,
970 2147 1170 2202 antistes,
1224 2146 1464 2211 apostolici
1522 2146 1698 2194 ordinis
1756 2145 2026 2202 monachus,
2094 2162 2191 2194 non
2247 2147 2511 2203 Benedi&i‚

589 2235 664 2283 sed
708 2234 920 2299 Congelli
962 2235 1173 2299 regulam
1225 2235 1449 2290 imitatuS,
1499 2232 1821 2282 Lindisfarnae
1868 2231 2253 2297 archiepiscopus
2301 2242 2349 2283 et
2394 2235 2439 2282 N
2440 2252 2515 2283 or-

588 2321 853 2370 thumbriae
897 2321 1138 2385 apostolus,
1184 2338 1355 2386 genere
1402 2329 1451 2370 et
1494 2318 1686 2368 natione
1733 2319 1914 2374 Scotum,
1955 2318 2005 2366 in
2051 2319 2226 2368 Huenfi
2272 2319 2422 2370 insula
2466 2330 2514 2369 et

589 2409 941 2474 apostolicorum
976 2409 1184 2457 virorum
1224 2410 1421 2475 collegio
1459 2410 1519 2457 ab
1551 2406 1648 2470 ipsa
1686 2405 1892 2469 pueritia
1926 2405 2165 2463 educatus,
2199 2408 2357 2471 postea
2391 2409 2516 2457 inter

590 2495 694 2544 suos
728 2496 885 2560 magni
924 2495 1124 2543 nominis
1162 2496 1351 2544 habitus
1389 2495 1490 2551 est;
1533 2493 1635 2557 regi
1673 2493 1817 2541 etiam
1857 2493 1896 2540 F
1898 2494 2178 2558 erquhardo,
2214 2497 2517 2546 anathemate

590 2583 650 2630 ab
686 2598 743 2630 eo
779 2581 946 2636 levato,
987 2590 1096 2629 ante
1130 2582 1288 2630 omnia
1327 2596 1464 2630 carus
1508 2586 1556 2628 et
1596 2579 1887 2628 venerabilis.
1971 2581 2048 2630 Ad
2094 2582 2517 2633 Lindisfarnensem

590 2674 749 2716 autem
785 2666 1032 2723 eccleliam,
1073 2668 1171 2732 post
1207 2668 1376 2717 Finani
1413 2667 1608 2723 obitum,
1645 2667 1894 2717 traduaus
1927 2669 2004 2725 est,
2043 2669 2092 2718 in
2127 2671 2260 2735 cujus
2293 2672 2410 2729 loco,
2448 2674 2518 2721 in-

592 2755 799 2803 colarum
838 2755 1056 2819 precibus
1098 2755 1275 2804 accitus
1314 2771 1340 2803 e
1383 2754 1553 2810 Scotia„
1589 2754 1809 2804 suffectus
1854 2756 1930 2805 est.
2011 2758 2085 2806 Ob
2127 2758 2323 2816 infitam,
2363 2761 2518 2825 inquit

594 2842 735 2898 Beda,
785 2841 853 2889 illi
906 2842 1205 2906 prudentiam
1257 2842 1461 2890 multum
1512 2858 1620 2889 eum
1668 2842 1893 2907 diligebat
1939 2845 2388 2896 Northumbriorum
2431 2847 2517 2897 rex

592 2927 783 2984 Osuius;
817 2927 1234 2993 parfimoniamque
1268 2930 1379 2993 ejus,
1415 2929 1539 2977 vitae
1575 2929 1925 2988 continentiam,
1961 2940 2010 2981 et
2043 2934 2093 2982 in
2126 2951 2358 3000 pauperes
2392 2952 2518 2984 com-

592 3014 946 3072 miserationem,
998 3017 1254 3065 laudabant
1305 3017 1523 3081 p'lurimi;
1569 3017 1707 3082 longe
1758 3019 1864 3082 plus
1909 3021 2053 3069 etiam
2099 3022 2320 3071 favebant
2365 3022 2518 3071 Scotis

596 3117 735 3163 quam
779 3103 1021 3152 Britannis
1056 3104 1473 3169 AnglmSaxonum
1508 3112 1623 3153 tunc
1667 3106 1879 3170 praelati,
1923 3109 2050 3171 quod
2089 3109 2181 3158 suis
2215 3109 2518 3158 concionibus

598 3203 676 3234 eos
700 3188 932 3251 juvarent.
1015 3191 1301 3240 Colmannus
1333 3191 1589 3241 maximam
1628 3193 1870 3242 Saxonum
1909 3195 2275 3252 multitudinem,
2310 3202 2359 3244 et
2393 3195 2518 3244 inter

599 3274 800 3338 reliquos
834 3276 1055 3333 Pendam,
1095 3278 1175 3342 qui
1214 3279 1339 3342 patri
1378 3279 1568 3329 Pendae
1614 3279 1664 3327 in
1700 3296 1850 3344 regno
1894 3280 2111 3337 succeflit‚
2156 3298 2216 3330 ex
2256 3282 2515 3331 ethnicismi
