2938 3900
577 443 634 496 74
1112 437 1198 479 DE
1242 433 1700 479 SCRIPTORIBUS
1746 432 1967 476 SCOTIS.

990 573 1147 625 Segnior
1163 577 1207 610 ut
1224 571 1327 610 lento
1343 569 1544 608 sceleratas
1559 580 1661 606 mors
1678 566 1774 618 petit
1790 566 1916 611 aedes,

1044 646 1106 686 Sic
1126 656 1285 697 propero
1301 642 1416 682 nimi·
1432 642 1465 681 it
1481 641 1552 680 sub
1568 640 1634 692 pia
1651 645 1754 679 tecta
1768 638 1901 692 gradu.

1189 844 1276 892 DE
1309 842 1646 892 MICHAELE
1681 843 1893 894 SCOTO.

575 1004 814 1052 mmmm.
876 1000 1077 1054 Scorus,
1136 1003 1450 1062 cognomento
1511 997 1681 1063 Magus
1736 997 1816 1046 seu
1871 996 2249 1053 Mathematicus,
2311 996 2513 1046 Michael

575 1090 785 1138 Medicus
823 1087 968 1137 etiam
1009 1086 1177 1142 dietus,
1222 1101 1396 1150 genere
1436 1091 1485 1133 et
1524 1085 1716 1134 natione
1755 1085 1937 1141 ScotuS,
1979 1099 2250 1149 quanquam
2288 1090 2363 1132 tot
2402 1084 2515 1132 viris

576 1177 728 1226 doctis
773 1174 964 1224 unicum
1009 1173 1148 1222 unius
1192 1173 1387 1222 Lelandi
1431 1181 1673 1237 opponant
1717 1172 2036 1222 testimonium
2089 1171 2283 1236 quidam
2327 1172 2515 1236 Anglici

578 1263 863 1328 scriptorem
908 1269 1051 1326 atque
1087 1261 1176 1310 hac
1211 1260 1355 1309 etiam
1395 1261 1454 1309 de
1494 1260 1643 1318 causa,
1682 1260 1964 1310 Michaelem
1999 1259 2249 1316 medicum,
2290 1260 2417 1324 quod
2455 1261 2516 1308 ab

577 1350 794 1400 omnibus
839 1349 983 1405 Scoti,
1029 1364 1125 1397 non
1169 1354 1331 1397 autem
1375 1347 1563 1411 Anglici
1602 1347 1855 1414 cujusdam,
1898 1347 1999 1412 ejus
2039 1346 2213 1412 scripta
2254 1348 2532 1402 habeantur,

578 1456 607 1487 a
641 1437 871 1486 Michaele
908 1436 1051 1486 Scoto
1090 1434 1324 1484 diversum
1361 1434 1605 1484 somniant.
1689 1434 1785 1484 Sed
1819 1435 1938 1484 haec
1972 1435 2101 1484 alias.
2183 1435 2274 1484 Hic
2313 1435 2517 1484 Michael

579 1529 639 1575 ab
682 1526 780 1590 ipsa
819 1524 990 1590 puerili
1028 1530 1186 1573 aetate
1225 1523 1275 1571 in
1319 1522 1470 1571 literis
1508 1522 1691 1571 utiliter
1736 1522 1962 1571 educatus
2001 1529 2131 1571 erat:
2176 1522 2518 1571 maturescente

579 1622 739 1662 autem
791 1619 962 1668 aetate,
1025 1610 1305 1659 celebriores
1348 1609 1624 1665 academiae,
1677 1616 1731 1658 ut
1778 1610 1981 1675 majores
2023 1609 2201 1658 faceret
2244 1610 2294 1658 in
2338 1611 2520 1659 artibus

579 1700 851 1750 liberalibus
888 1696 1164 1764 progreffus,
1210 1697 1411 1763 impiger
1454 1696 1628 1761 petiit3
1673 1695 1912 1745 Oxonium
1955 1695 2103 1760 igitur
2142 1696 2309 1760 primo,
2350 1696 2519 1745 deinde

579 1787 815 1836 Lutetiam
868 1786 926 1835 de
976 1801 1108 1834 more
1159 1784 1288 1842 adiit,
1344 1783 1427 1833 ubi
1482 1799 1655 1849 magno
1705 1800 1814 1832 cum
1862 1783 2027 1833 frufitu
2075 1784 2422 1833 mathematicis
2472 1792 2520 1833 et

580 1873 910 1938 philosophicis
943 1872 1147 1922 scientiis
1185 1887 1378 1937 operam
1416 1871 1619 1927 navavit,
1654 1877 1704 1920 et
1737 1871 2003 1936 astrologus
2024 1871 2196 1920 'etiam'
2218 1870 2522 1936 peritissimus

581 1960 732 2010 evafit.
817 1960 1087 2025 Peragratis
1126 1966 1286 2008 autem
1325 1958 1488 2008 multis
1525 1958 1809 2023 regionibus,
1852 1964 1903 2007 et
1941 1956 2138 2008 vifitatis
2177 1958 2319 2008 variis
2357 1959 2522 2009 acade-

581 2047 699 2102 miis,
747 2063 835 2111 pro
879 2045 1186 2111 adipiscendis
1240 2045 1444 2094 scientiis
1498 2046 1805 2102 naturalibus,
1858 2051 1907 2094 et
1956 2062 2044 2110 pro
2099 2046 2380 2112 linguarum,
2426 2063 2522 2096 non

581 2142 768 2183 tantum
791 2135 1000 2184 Graecae
1032 2140 1081 2183 et
1116 2134 1376 2190 Hebraeae,
1406 2133 1485 2181 sed
1507 2134 1740 2183 Arabicae
1775 2134 1921 2183 etiam
1955 2141 2003 2183 et
2035 2134 2328 2191 Chaldaicae,
2363 2136 2523 2200 cogni-

583 2222 725 2278 tione,
762 2228 811 2270 et
846 2228 901 2269 ut
937 2237 1047 2270 eum
1086 2237 1182 2270 non
1221 2221 1481 2285 effugerent
1519 2220 1613 2276 illa,
1654 2236 1775 2283 quae
1814 2220 1874 2268 de
1912 2221 2056 2269 rebus
2089 2221 2436 2270 mathematicis
2473 2222 2522 2271 in

586 2324 864 2372 quacunque
901 2308 1062 2372 lingua
1096 2307 1266 2372 scripta
1301 2307 1437 2363 sunt3
1477 2307 1603 2355 unde
1641 2306 1869 2371 temporis
1905 2305 2108 2355 succefl'u
2140 2307 2322 2357 fafflmm
2355 2309 2432 2366 est,
2468 2317 2523 2358 ut

586 2412 774 2444 omnem
829 2394 1076 2444 cultiorem
1127 2394 1436 2449 literaturam,
1492 2409 1655 2443 omnes
1706 2399 1833 2442 artes
1889 2393 2119 2450 liberales,
2165 2395 2524 2445 mathematicas

587 2490 713 2531 artes
742 2498 916 2538 omnes,
952 2497 1140 2530 omnem
1173 2480 1513 2546 philosophiam
1543 2487 1735 2529 acurate
1768 2487 1967 2538 teneret,
1999 2481 2203 2546 denique
2236 2482 2525 2549 theologiam

589 2577 637 2618 et
668 2570 897 2619 medicam
931 2576 1083 2618 artem
1122 2569 1246 2618 hisce
1285 2569 1504 2618 omnibus
1538 2568 1748 2617 adderet.
1817 2567 1936 2616 Dira
1969 2567 2051 2616 illa
2087 2569 2294 2626 vulnera,
2330 2570 2523 2634 lepram,

590 2657 857 2721 podagram,
903 2655 1164 2722 hydropfin,
1215 2657 1401 2721 aliaque
1449 2653 1723 2705 insanabilia
1766 2654 1976 2718 corporis
2020 2656 2251 2720 contagia,
2296 2663 2400 2706 arte
2444 2657 2525 2707 sua

591 2744 786 2792 mirifice
828 2751 877 2793 et
913 2744 1056 2801 nullo,
1097 2752 1152 2792 ut
1192 2744 1452 2800 videbatur,
1491 2741 1695 2807 negotio,
1735 2740 1949 2790 sustulit:
1994 2742 2367 2802 chiromantiam,
2409 2746 2526 2811 phy-

592 2830 905 2896 fiognomiam,
944 2831 1238 2897 astrologiam
1277 2830 1554 2886 naturalem,
1600 2845 1708 2877 cum
1753 2829 2172 2893 periaxiomatibus
2217 2832 2275 2880 de
2319 2814 2535 2883 faciebus·

593 2917 837 2983 lignorum,
888 2925 936 2966 et
980 2918 1237 2967 canonibus
1282 2918 1340 2966 de
1390 2916 1775 2982 aegritudinibus
1832 2916 2021 2982 infignis
2075 2918 2152 2967 hic
2206 2920 2527 2984 promanticus

597 3005 713 3053 adeo
758 3004 938 3062 diserte,
984 3011 1038 3053 ut
1082 3004 1310 3069 nusquam
1349 3003 1447 3052 fere
1492 3003 1612 3052 alius
1657 3003 1914 3068 quisquam,
1961 3005 2136 3053 calluit.
2227 3006 2305 3055 Ad
2345 3007 2526 3056 theolo-

599 3091 723 3153 giam
757 3098 916 3140 autem
952 3092 1078 3155 quod
1113 3090 1297 3147 attinet,
1338 3090 1387 3139 in
1423 3107 1480 3140 ea
1518 3089 1663 3139 etiam
1702 3097 1887 3140 tantam
1923 3091 2165 3156 aequifivit
2196 3093 2525 3158 cognitionem,

602 3183 655 3224 ut
698 3194 727 3224 a
771 3176 1043 3241 quibusdam
1088 3177 1261 3226 citetur
1303 3184 1529 3242 tanquam
1572 3178 1872 3227 aufitoritatis
1906 3196 2105 3244 magnae
2144 3178 2527 3230 eminentiffimus

603 3262 860 3327 theologus.
961 3263 1177 3328 Denique
1233 3263 1351 3311 nihil
1406 3265 1641 3328 reliquum
1693 3265 1870 3314 fecerat
1916 3266 1977 3314 ad
2022 3266 2262 3317 hominem
2306 3267 2356 3316 in
2400 3270 2527 3318 omni
