2938 3900
877 467 964 509 DE
1019 469 1472 518 SCRIPTORIBUS
1523 477 1742 522 SCOTIS.
2253 494 2308 546 17

378 591 523 642 tutus,
583 588 708 636 unde
760 590 1001 654 progrefl'u
1040 596 1266 660 temporis
1310 599 1473 648 rhetor
1524 601 1710 667 infignis
1755 605 1905 663 evafit,
1962 617 2010 657 et
2064 612 2300 678 utriusque

379 673 580 737 linguae,
617 682 665 724 et
702 677 911 726 Graecae
948 687 996 728 et
1030 681 1236 740 Latinae,
1269 685 1579 749 peritiflimus,
1610 691 1727 740 adeo
1758 700 1812 741 ut
1851 694 2030 759 saepius
2059 700 2183 762 apud
2217 700 2302 749 Cae

319 819 321 821 Ι
379 762 534 809 rolum
581 763 812 820 Quintum
866 766 1197 831 imperatorem
1249 779 1297 820 et
1353 773 1468 822 alios
1519 776 1800 827 Christianos
1849 781 2080 846 principes
2126 783 2302 835 summa

378 866 487 897 cum
522 851 805 902 dexteritate
830 856 1029 904 oratoris
1051 873 1223 907 munus
1245 861 1410 910 obiret.
1481 862 1667 927 Scripfit

577 938 755 988 Contra
777 940 1047 991 Calumnias
1070 945 1302 994 Cochlaei.

576 1029 844 1092 Apomaxin
865 1046 951 1094 pro
975 1032 1119 1097 Rege,
1144 1033 1222 1081 lib.
1247 1049 1279 1082 1.

577 1116 649 1165 De
674 1118 870 1167 Damnis
893 1135 952 1167 ex
976 1121 1264 1178 Rebellione,
1289 1123 1368 1171 lib.
1393 1136 1424 1171 Ι.

576 1204 805 1254 Remedia
827 1214 991 1255 contra
1014 1207 1314 1265 Seditionem,
1339 1210 1416 1258 lib.
1441 1224 1474 1257 1.

573 1291 668 1338 Pro
692 1291 885 1340 Tuenda
907 1293 1081 1341 Patria.

577 1377 811 1426 Adversus
834 1379 1169 1436 Proditionem,
1194 1381 1273 1429 lib.
1298 1395 1329 1428 1.

578 1464 830 1513 Historiam
854 1467 1035 1514 Rerum
1056 1467 1289 1531 gestarum
1313 1468 1519 1525 Henrici,
1543 1469 1622 1518 lib.
1647 1485 1678 1517 Ι.

575 1550 802 1616 Epistolas
825 1554 885 1601 ad
908 1554 1122 1602 diversos.

376 1639 628 1688 Transtulit
651 1640 700 1688 in
724 1641 976 1705 Anglicum
999 1640 1271 1698 sermonem,

576 1727 799 1792 Symbola
820 1727 1044 1775 Ludovici
1067 1728 1210 1776 Vivis.

576 1816 924 1880 Stratagemata
947 1815 1090 1863 etiam
1112 1815 1358 1872 transtulit,

375 1911 518 1969 atque
564 1903 657 1952 alia
700 1903 862 1958 multa,
906 1903 1115 1950 nondum
1160 1902 1210 1949 in
1249 1902 1402 1951 lucem
1443 1905 1580 1953 edita.
1662 1905 1736 1952 Ex
1781 1907 1918 1956 Italia
1960 1908 2154 1964 redienS‚
2191 1926 2295 1973 per-

376 1993 505 2041 venit
554 1992 937 2056 Argentoratum,
995 2006 1119 2037 anno
1170 1990 1361 2038 Domini
1404 1994 1544 2049 1556,
1586 1993 1684 2056 [et]
1729 1993 1789 2043 17
1836 1995 1910 2043 die
1956 1996 2115 2044 Martii
2164 1997 2290 2053 obiit,

376 2081 489 2128 dum
511 2097 597 2145 per
619 2081 957 2144 gubernatores
981 2084 1029 2125 et
1051 2077 1310 2141 interreges
1333 2077 1492 2126 Scotia
1512 2080 1865 2143 gubernaretur.

973 2274 1060 2322 DE
1093 2273 1126 2321 J
1128 2274 1347 2322 OANNE
1379 2272 1675 2322 LESLAEO.

377 2435 409 2483 J
412 2446 610 2483 OANNES
641 2430 913 2484 LESLAEUS,
936 2442 1109 2492 genere
1140 2432 1188 2474 et
1219 2426 1407 2475 natione
1436 2424 1616 2481 ScotuS,
1651 2441 1710 2473 ex
1740 2424 1885 2474 nobili
1923 2433 1971 2474 et
2008 2427 2296 2490 praevetusta

378 2521 673 2570 Lessaeorum
711 2516 889 2566 familia
929 2515 1159 2579 originem
1204 2514 1390 2569 ducem,
1432 2518 1533 2560 erat
1573 2511 1667 2576 ipse
1706 2518 1809 2559 tum
1848 2529 2019 2577 genere
2057 2512 2208 2561 clarus
2246 2520 2294 2561 et

378 2608 654 2662 eruditione,
701 2603 783 2652 nifi
831 2603 957 2668 quod
995 2602 1134 2650 nimis
1173 2599 1423 2666 pontificiis
1471 2598 1639 2647 ritibus
1678 2599 1874 2647 deditus.
1955 2600 2011 2647 In
2047 2600 2294 2663 juventute

376 2702 628 2762 parentum
680 2708 794 2740 cura
837 2691 913 2755 pie
964 2696 1011 2737 et
1055 2689 1201 2753 probe
1225 2687 1482 2742 >educatus
1528 2684 1766 2750 progreffu
1809 2686 2031 2750 temporis
2079 2686 2195 2735 adeo
2245 2686 2293 2733 in

377 2783 616 2847 theologia
653 2779 865 2845 profecit,
919 2784 973 2826 ut
1018 2777 1078 2825 ad
1123 2775 1438 2841 episcopatum
1485 2771 1751 2822 Rofl'ensem
1794 2772 1849 2821 fit
1894 2774 2096 2822 evectus.
2179 2772 2293 2820 Erat

381 2874 524 2922 etiam
568 2868 748 2918 Mariae
795 2866 1006 2930 Reginae
1046 2882 1075 2913 a
1111 2863 1313 2919 secretis,
1337 2860 1607 2925 'aliquoties
1651 2866 1809 2909 orator
1856 2858 2158 2909 sereniflimae
2209 2860 2301 2907 Re-

378 2962 515 3027 ginae
538 2955 855 3008 Elizabethae.
925 2952 1133 3002 Tandem
1155 2949 1358 2999 Romam
1379 2947 1616 3012 religionis
1638 2962 1750 3011 ergo
1770 2946 1918 3010 petiit.
1987 2945 2171 3010 Scripfit

576 3043 737 3094 Animi
755 3040 931 3090 Afflicti
953 3037 1312 3092 Consolationes,
1335 3035 1414 3083 lib.
1439 3047 1471 3081 Ι.

575 3130 737 3180 Animi
759 3125 1018 3190 Tranquilli
1040 3123 1280 3178 Remedia,
1303 3122 1379 3170 lib.
1405 3134 1437 3168 Ι.

576 3220 649 3268 De
673 3217 878 3281 Origine,
902 3213 1125 3268 Moribus,
1149 3217 1197 3259 et
1220 3209 1369 3258 Gestis
1390 3207 1649 3261 Scotorum,
1672 3204 1751 3253 lib.
1775 3219 1824 3252 x.

576 3307 671 3354 Pro
693 3305 726 3352 J
728 3320 811 3352 ure
837 3298 1118 3351 Sereniflimi
1141 3296 1286 3361 Regis
1307 3296 1339 3344 J
1341 3294 1474 3345 acobi
1497 3292 1641 3342 Sexti.
