2938 3900
966 461 1053 502 DE
1102 462 1561 512 SCRIPTORIBUS
1609 471 1831 518 SOOTIS.
2298 493 2353 532 55

445 579 682 629 finceritas
726 588 774 630 et
818 582 1105 647 suspicienda
1142 587 1306 651 pietas.
1390 591 1507 642 Erat
1543 601 1703 644 autem
1742 614 1772 647 a
1809 601 2064 663 puerilibus
2101 608 2233 657 annis
2268 612 2364 673 pie-

439 668 552 716 tatis
583 669 866 718 excolendae
900 671 1048 721 fludio
1077 674 1422 735 addictiffimus,
1454 687 1502 728 et
1535 683 1597 730 ad
1630 686 1795 735 mundi
1829 674 2149 754 contemptum
2176 711 2358 758 pronus.

357 769 361 773 ’
441 755 725 805 Adolescens
780 757 940 822 itaque
993 762 1321 812 monasterium
1380 766 1653 831 ingreditur,
1713 774 1795 822 ubi
1847 791 1954 824 cum
2005 778 2269 830 desideratis
2313 793 2360 832 et

440 844 700 909 concupitis
749 845 939 909 pietatis
983 850 1270 899 exercendae
1323 853 1491 912 studiis,
1538 864 1587 905 et
1641 859 1796 910 sacrae
1845 863 2037 913 lectioni
2096 867 2358 919 divinorum

439 933 744 990 voluminum,
780 941 829 982 et
862 934 1062 984 aliorum
1097 939 1346 988 auctorum
1383 942 1784 996 lucubrationibus
1819 949 2018 1014 vigilem,
2053 953 2270 1012 sedulam,
2311 966 2358 1006 et

439 1019 707 1070 indefeffam
752 1029 946 1071 navaret
999 1039 1202 1088 operam,
1251 1044 1470 1092 magnam
1514 1031 1622 1080 sane
1670 1041 1717 1082 et
1770 1036 1961 1086 minime
2014 1040 2252 1105 vulgarem
2307 1045 2356 1092 in

438 1107 701 1155 eruditione
739 1114 787 1155 et
822 1109 999 1172 pietate
1034 1110 1218 1175 frugem
1255 1120 1303 1161 et
1338 1116 1602 1178 profectum
1636 1120 1775 1178 fecit;
1815 1140 2013 1187 cumque
2047 1126 2158 1175 efl'et
2188 1137 2355 1179 natura

436 1195 676 1250 facundus,
735 1196 1031 1259 eloquentiae
1081 1197 1367 1257 facultatem,
1422 1205 1568 1254 nativi
1622 1207 1855 1259 idiomatis
1899 1213 2193 1275 expolitione,
2238 1218 2354 1266 mire

438 1283 710 1331 exornabat.
802 1283 1038 1346 Populum
1076 1284 1195 1341 serio
1233 1286 1484 1354 seduloque
1524 1294 1662 1342 officii
1707 1297 2000 1354 admonebat,
2038 1299 2177 1364 idque
2220 1309 2354 1353 tanto

436 1370 600 1419 utilius
636 1376 685 1418 et
724 1370 970 1426 efficacius,
1008 1372 1135 1434 quod
1169 1373 1357 1435 publico
1396 1375 1661 1442 inculpatae
1694 1381 1818 1430 vitae
1851 1384 2112 1433 testimonio
2142 1387 2353 1453 semetip-

435 1458 537 1505 sum
571 1456 826 1504 imitandae
857 1456 1047 1520 pietatis
1086 1460 1327 1523 exemplar
1359 1473 1654 1527 proponeret.
1723 1468 1854 1524 Quae
1893 1471 2050 1519 omnia
2083 1488 2191 1521 cum
2224 1475 2353 1524 inno-

434 1542 625 1592 tuiffent
663 1543 888 1592 fratribus
926 1545 1204 1602 monasterii,
1245 1548 1398 1611 primo
1439 1566 1548 1599 eum
1592 1570 1679 1617 per
1722 1555 2040 1606 ecclesiasticos
2080 1560 2252 1623 gradus
2294 1563 2352 1610 ad

433 1632 779 1697 presbyteratus
819 1632 1037 1688 officium,
1077 1634 1294 1696 precibus
1341 1637 1600 1695 ascendere,
1642 1641 1809 1691 deinde
1847 1643 2049 1707 ejusdem
2091 1649 2352 1697 monasterii

432 1721 780 1785 praefecturam
813 1736 978 1783 gerere
1012 1728 1279 1785 coegerunt.
1363 1725 1520 1780 Quum
1553 1743 1665 1775 vero
1697 1745 1865 1792 parum
1895 1732 2020 1794 apud
2048 1731 2152 1781 suos
2179 1732 2351 1784 affidua

431 1807 780 1873 praedicatione
820 1806 1034 1855 ecclefiae
1074 1808 1271 1865 causam,
1313 1810 1362 1857 in
1400 1811 1568 1860 ritibus
1611 1813 1734 1863 hisce
1779 1817 1923 1873 novis,
1966 1817 2201 1875 Paschat-e,
2247 1827 2350 1869 ton·

429 1897 547 1952 sura,
582 1902 630 1943 et
664 1894 898 1951 fimilibus,
932 1894 1243 1958 promoviffet,
1279 1898 1614 1948 deliberatione
1647 1901 1908 1952 discedendi
1942 1904 2080 1961 facta,
2115 1922 2221 1954 cum
2258 1907 2348 1956 suis

428 1984 573 2040 sociis,
603 1983 893 2031 Colomanno
924 1982 1204 2047 presbytero,
1237 1984 1498 2033 Totmanno
1526 1986 1690 2036 Levita
1721 1995 1768 2036 et
1807 1989 2013 2046 diacono,
2049 1992 2166 2039 urbe
2200 1993 2347 2055 egres-

428 2073 516 2129 sus,
546 2071 700 2135 primo
732 2070 922 2133 quidem
950 2070 1000 2117 in
1029 2070 1301 2118 viciniorem
1331 2071 1570 2135 regionem
1604 2074 1836 2138 Angliam,
1871 2077 2027 2140 postea
2053 2078 2102 2125 in
2131 2078 2344 2135 Galliam,

426 2177 481 2208 ac
527 2159 721 2207 tandem
766 2158 815 2205 in
861 2157 1177 2214 Germaniam,
1225 2165 1272 2206 et
1317 2159 1376 2206 ad
1421 2160 1646 2210 Franciae
1691 2162 1929 2211 orientalis
1973 2166 2137 2213 urbem
2178 2165 2345 2214 Herbi-

427 2247 585 2311 polim,
632 2261 752 2309 quae
798 2251 845 2293 et
885 2245 977 2293 alio
1023 2244 1211 2292 nomine
1257 2245 1544 2310 Wurtzburg
1588 2247 1770 2304 dicitur,
1819 2249 1973 2297 locum
2022 2249 2107 2298 fibi
2154 2251 2346 2300 destina-

425 2342 530 2383 tum
569 2333 796 2398 pervenit.
884 2332 977 2380 Sed
1016 2339 1176 2379 tamen
1221 2331 1582 2395 praedicationis
1620 2334 1808 2382 interim
1843 2336 2074 2392 abstinuit,
2112 2337 2258 2385 donec
2297 2339 2344 2386 in

426 2422 694 2487 episcopum
739 2420 1044 2475 consecratuS,
1090 2418 1257 2483 majori
1305 2435 1413 2467 cum
1460 2420 1744 2471 au6toritate
1790 2422 2082 2487 Herbipolim
2138 2425 2344 2473 reversus

425 2509 732 2573 praedicaret.
814 2508 892 2555 Ad
929 2507 1168 2555 civitatem
1207 2513 1367 2555 autem
1406 2506 1535 2556 illam
1575 2508 1866 2565 Germaniae,
1906 2511 1966 2558 ad
2003 2511 2225 2559 Moenum
2262 2528 2344 2559 no-

425 2594 694 2645 biliffimum
726 2611 914 2644 amnem
945 2592 1093 2649 fitam,
1128 2592 1339 2642 reversus
1373 2592 1588 2643 Kilianus
1618 2611 1725 2643 cum
1757 2595 2009 2659 praedictis
2039 2595 2181 2652 sociis,
2218 2603 2343 2645 vete-

423 2700 531 2731 rum
565 2681 865 2731 ecclesiarum
902 2681 1258 2730 consuetudines
1290 2679 1441 2728 sacras
1473 2680 1523 2728 in
1553 2681 1791 2730 Romanas
1825 2682 2128 2732 caerimonias
2160 2691 2341 2732 mutare

423 2769 667 2819 laboravit.
758 2769 822 2817 Et
865 2785 973 2816 cum
1018 2768 1198 2816 videret
1244 2766 1523 2815 Golbertum
1566 2768 1749 2834 regium
1792 2769 2082 2832 praefectum
2125 2771 2248 2834 apud
2295 2771 2339 2818 se

421 2866 584 2906 tenere
614 2855 785 2904 uxoris
825 2856 928 2903 loco
969 2855 1129 2903 fratris
1173 2854 1241 2902 sui
1279 2855 1526 2918 conjugem
1569 2855 1826 2912 Genauam,
1871 2863 2082 2906 amanter
2123 2856 2336 2920 primum,

423 2945 636 2994 acerbius
668 2935 837 3008 postea,
878 2942 1012 2990 illum
1051 2942 1102 2989 in
1138 2937 1229 2990 Dei
1268 2942 1413 2989 verbo
1453 2942 1745 2990 admonebat.
1815 2943 1951 2999 Quod
1995 2959 2100 2990 cum
2145 2944 2338 2992 odorata

425 3031 536 3081 effet
571 3032 779 3086 Geilana,
819 3030 978 3077 furore
1017 3027 1219 3083 accensa,
1254 3026 1496 3075 Kilianum
1540 3033 1588 3075 et
1631 3027 1774 3076 socios
1817 3027 2015 3076 interfici
2057 3030 2335 3092 procuravit,

423 3129 472 3169 et
519 3136 681 3168 eorum
726 3134 933 3182 corpora,
980 3132 1039 3164 ne
1083 3116 1263 3163 factum
1307 3113 1539 3177 proderet,
1584 3130 1679 3162 una
1723 3130 1829 3163 cum
1874 3114 2003 3163 libris
2047 3122 2095 3163 et
2141 3116 2337 3164 vestibus

424 3209 506 3257 sub
529 3215 659 3256 terra
680 3204 909 3255 abscondi.
977 3199 1272 3251 Contexuiffe
1294 3201 1444 3249 fertur
2366 3201 2369 3204 “

623 3295 799 3342 Contra
820 3291 1089 3357 peregrinos
1113 3289 1249 3337 Ritos
1271 3305 1325 3337 ac
1347 3287 1514 3336 Cultus
1535 3286 1719 3336 librum.
