2938 3900
600 405 657 446 42
1133 401 1221 447 DE
1271 402 1729 448 SCRIPTORIBUS
1775 402 2000 448 SCOTIS.

602 525 834 593 Denique,
864 535 919 577 ut
954 527 1024 578 ita
1056 527 1222 586 dicam,
1256 529 1347 578 hoc
1380 544 1477 578 uno
1510 528 1687 585 infelix,
1722 529 1850 594 quod
1882 529 2230 593 quodammodo
2251 529 2391 580 nimis
2412 530 2542 587 felix,

602 615 748 665 nimia
803 631 1007 679 namque
1057 615 1257 666 felicitas
1310 615 1505 664 nimiam
1552 615 1596 664 ei
1650 616 1837 681 peperit
1892 616 2130 666 invidiam.
2232 619 2542 669 Monumenta

604 704 748 753 etiam
769 702 840 752 sui
861 703 1040 767 ingenii
1063 710 1112 751 et
1135 702 1414 752 eruditionis
1435 690 1709 767 posteritati,
1733 703 2016 768 posteritatis
2035 721 2230 762 memor,
2252 706 2473 770 reliquit:

803 790 928 840 Suae
951 790 1354 855 Peregrinationis
1376 790 1672 855 Apologiam‚
1695 791 1870 841 librum
1893 807 2054 841 unum.

802 879 876 927 De
917 878 1236 943 Reponi-atione
1281 877 1429 943 Lapfi,
1466 878 1547 928 seu
1581 879 1642 927 de
1679 879 1863 928 Frue'cu
1909 879 2250 937 Poenitentiae,
2290 882 2351 929 ad
2393 881 2542 931 Janw

867 966 1034 1022 arium,
1058 966 1159 1015 MS.
1183 966 1233 1014 in
1256 966 1467 1031 Collegio
1491 966 1594 1015 Caii
1619 965 1964 1031 Cantabrigiae,
1988 966 2067 1015 lib.
2092 982 2125 1016 1.

803 1052 876 1101 De
899 1053 1017 1102 Fide
1039 1052 1390 1110 Perseverante,
1412 1053 1588 1102 librum
1611 1069 1644 1104 1.

782 1140 875 1189 .De
925 1141 1238 1206 Prognosticis
1289 1141 1617 1200 Nativitatum,
1671 1143 1847 1192 librum
1899 1160 2061 1192 unum.
2165 1144 2306 1194 Hunc
2354 1146 2543 1210 juvenis

867 1227 1029 1284 edidit,
1053 1228 1168 1276 dum
1189 1228 1485 1277 incumberet
1506 1229 1714 1279 mathefi.

802 1313 945 1364 Liber
989 1315 1049 1364 de
1089 1314 1392 1380 Recipiendis
1435 1315 1591 1381 Lapfis
1634 1315 1880 1382 imprefl'us
1923 1317 1988 1366 est
2032 1316 2082 1366 in
2124 1320 2151 1366 1
2195 1325 2328 1368 tomo
2372 1319 2545 1368 Ortho-

871 1400 1285 1467 doxographorum
1306 1402 1527 1454 Bafileae.

605 1489 807 1538 Caetera
841 1506 938 1539 non
970 1490 1077 1539 sunt
1117 1506 1370 1555 quoquam,
1404 1492 1533 1556 quod
1565 1491 1720 1549 sciam,
1760 1492 1987 1557 catalogis
2023 1491 2257 1557 inscripta.
2342 1494 2401 1541 In
2434 1494 2543 1550 fine,

606 1576 706 1639 post
736 1576 892 1627 varios
924 1577 1110 1627 labores
1142 1579 1204 1627 ab
1237 1578 1328 1628 hac
1361 1578 1460 1629 vita
1492 1579 1728 1644 migravit,
1760 1579 1994 1629 incarnati
2028 1579 2116 1628 filii
2149 1580 2240 1629 Dei
2271 1596 2398 1630 anno
2431 1584 2543 1637 460,

605 1670 820 1728 tempore
843 1665 1086 1729 Dougardi
1109 1664 1246 1730 regis.

1360 1859 1449 1909 DE
1482 1859 1789 1911 MERLINO.

606 2011 891 2069 mamus,
927 2019 1243 2078 cognomento
1260 2012 1582 2070 ‘Caledonius
1618 2015 1670 2064 in
1699 2016 1886 2066 Seotiae
1919 2016 2182 2066 confinibus
2220 2015 2312 2065 five
2348 2034 2408 2066 ex
2439 2018 2550 2069 dae-

607 2117 748 2150 mone
781 2101 967 2157 incubo,
1001 2107 1057 2150 ut
1088 2099 1230 2150 multi
1260 2091 1547 2158 &balantum
1578 2101 1671 2153 five
1704 2120 1767 2152 ex
1797 2104 1975 2153 furtiva
2003 2119 2190 2160 venere,
2226 2111 2282 2152 ut
2317 2120 2377 2153 ex
2406 2105 2550 2156 Gilda

608 2195 778 2251 quarto
821 2188 1085 2252 colligitm
1121 2194 1300 2244 nntium
1342 2188 1426 2237 ubi
1463 2188 1732 2239 adolescens
1775 2191 1912 2240 bonis
1955 2188 2108 2239 literis
2142 2207 2337 2254 operam
2381 2191 2547 2248 dedit;

607 2291 718 2325 cum
765 2291 879 2325 vero
921 2256 1135 2324 meturos
1172 2273 1367 2324 venifl'et
1411 2275 1473 2324 ad
1515 2292 1679 2333 annoS,
1723 2277 1887 2326 studiis
1928 2277 2182 2342 diligenter
2225 2277 2452 2335 incubuit,
2497 2286 2548 2328 et

609 2363 807 2413 eruditis
844 2363 1028 2413 artibus
1058 2379 1116 2412 ac
1147 2361 1298 2412 literis
1331 2379 1526 2426 operam
1564 2363 1708 2421 dedit,
1751 2363 1959 2413 scientiis
1997 2363 2143 2413 etiam
2186 2365 2546 2422 mathematicis,

610 2454 708 2502 imo
745 2452 930 2518 magiae
967 2450 1255 2516 potiffimum
1292 2452 1511 2508 natmali,
1551 2451 1603 2500 in
1645 2451 1816 2516 quibus
1855 2451 1904 2500 se
1941 2451 2099 2516 postea
2135 2451 2276 2500 nimis
2320 2453 2547 2502 exercuit.

610 2541 953 2591 Admirabilem
996 2539 1127 2589 illam
1164 2539 1376 2604 lapidum
1419 2539 1717 2595 structuram,
1762 2538 2022 2603 Gigantum
2074 2538 2308 2588 Choream
2363 2547 2547 2597 vocant,

611 2645 734 2694 quae
772 2629 822 2677 in
857 2627 1139 2677 hodiernum
1170 2626 1316 2691 usque
1352 2626 1480 2676 diem
1514 2627 1566 2675 in
1603 2642 1720 2691 agro
1751 2625 2072 2675 Sarilberienfi
2102 2625 2398 2691 conspicitur,
2435 2627 2549 2677 illuc

609 2734 673 2767 ex
698 2714 931 2766 Hibernia
955 2712 1236 2764 trmstulifl'e
1263 2713 1449 2763 dieitur.
1516 2711 1739 2762 Ednxiffe
1767 2713 1915 2763 etiam
1947 2714 2102 2764 fertur
2133 2714 2392 2779 praestigiis
2415 2714 2550 2764 miris

612 2818 690 2853 ex*
714 2802 878 2867 stagno
925 2800 1131 2866 quodam
1182 2798 1470 2848 dormientes
1513 2799 1753 2849 dracones.
1856 2800 2034 2850 Dicunt
2077 2800 2223 2851 etiam
2279 2802 2407 2869 quod
2454 2802 2548 2851 suis

612 2888 1012 2940 inmutationibus
1059 2886 1314 2938 Utherium
1362 2902 1525 2952 regem
1574 2886 1625 2936 in
1667 2885 1905 2936 Gorloidis
1957 2887 2224 2938 Cornnbiae
2268 2888 2400 2937 ducis
2449 2888 2549 2952 spe-

610 2978 733 3027 ciem
774 2975 1194 3033 transformaverit,
1233 2981 1288 3024 ut
1326 2975 1525 3039 Igernae
1562 2973 1725 3024 uxoris
1766 2973 2001 3039 potiretur
2044 2974 2280 3039 amplexu,
2326 2981 2375 3023 et
2419 2974 2546 3038 quod

613 3081 674 3113 ex
712 3079 770 3114 eo
807 3063 1063 3114 concubitu
1103 3062 1309 3113 nefando
1353 3062 1621 3112 Arthurum
1663 3067 1717 3111 et
1757 3061 1948 3111 Annam
1988 3060 2218 3126 genuerit.
2302 3061 2547 3110 Praedixit

614 3149 889 3200 Britanniae
930 3150 1170 3201 excidium
1210 3165 1299 3215 per
1341 3148 1780 3207 Saxum-Dacos,
1821 3154 1873 3197 et
1915 3147 2226 3204 Numanum,
2263 3153 2312 3197 et
2355 3146 2547 3211 regibus
