2938 3900
593 449 651 489 24
1121 446 1208 490 DE
1260 447 1721 491 SCRIPTORIBUS
1770 447 1995 491 SCOTIS.

592 571 657 620 est
710 572 964 636 profectus
1023 572 1105 622 ubi
1167 571 1213 621 se
1271 571 1515 620 monachis
1556 572 1782 621 iratribus
1839 572 1890 620 in
1937 572 2191 622 Orolandio
2250 574 2533 624 Monasterio

581 660 822 723 junxerat,
854 661 980 725 apud
1011 676 1129 725 quos
1157 676 1383 725 magnum
1413 676 1588 708 nomen
1618 659 1896 708 eruditionis
1929 659 1994 708 est
2025 660 2236 725 adeptus.
2305 662 2533 711 Exercuit

589 747 747 811 postea
792 748 1034 812 ingenium
1074 763 1170 796 non
1216 747 1358 796 modo
1398 747 1448 795 in
1494 745 1645 795 soluta
1689 747 1916 804 oratione,
1957 754 2012 796 ut
2054 748 2251 797 testatur
2298 749 2533 798 Lelandus

589 835 784 899 Anglus‚
843 851 1008 883 verum
1053 835 1198 883 etiam
1242 834 1464 890 carmine,
1510 849 1619 882 cum
1673 833 1804 882 Scoti
1850 833 2114 899 plerunque
2164 852 2195 884 a
2256 844 2428 885 natura
2483 838 2532 884 in

586 922 677 970 hoc
709 939 884 988 genere
925 922 1173 971 excellant.
1243 922 1300 970 In
1339 922 1457 971 flore
1496 922 1623 970 enim
1654 921 1922 985 juventutis
1963 929 2219 987 antequam
2254 924 2315 972 ad
2352 933 2531 973 matur-

585 1026 663 1058 am
721 1016 930 1059 aetatem
989 1007 1284 1080 perveniffet,
1331 1009 1449 1058 haec
1499 1016 1810 1058 monumenta
1853 1010 2056 1059 eximiae
2102 1012 2379 1063 eruditionis
2423 1015 2531 1063 reli-

588 1098 704 1162 quit.

660 1192 664 1196 '
785 1187 946 1236 Vitam
986 1185 1225 1235 Edmundi
1262 1185 1683 1249 Olim-Anglorum
1725 1185 1882 1250 Regis,
1928 1184 2134 1235 versibus
2176 1187 2378 1236 heroicis
2422 1205 2532 1237 con-

850 1273 1085 1338 scriptam.

783 1362 944 1410 Vitam
968 1361 1110 1409 Neoti
1133 1360 1279 1409 etiam
1301 1359 1523 1408 carmine.

785 1449 858 1497 De
881 1448 1093 1513 legendis
1116 1446 1428 1496 Ethnicorum
1453 1445 1663 1510 ScriptiS,
1688 1445 1768 1494 lib.
1793 1460 1826 1494 1.

784 1536 858 1585 De
882 1536 1005 1585 Vitis
1028 1534 1434 1599 Philosophorum.

784 1624 938 1689 Super
959 1624 1142 1672 Bedam
1164 1623 1224 1671 de
1247 1622 1569 1687 Temporibus.

584 1712 767 1761 Claruit
819 1728 944 1761 anno
977 1711 1159 1776 gratiae
1198 1725 1285 1774 per
1332 1709 1568 1758 Christum
1602 1708 1889 1758 servatorem
1940 1710 2081 1765 1178,
2136 1717 2366 1774 regnante
2413 1711 2528 1759 Wil-

582 1800 741 1848 helmo
755 1815 876 1871 ‘rege
900 1799 1164 1848 Scotorum.

1185 1993 1273 2041 DE
1309 1991 1556 2040 SANCTO
1590 1992 1905 2043 FURSAEO.

581 2149 851 2196 Funsfflus
895 2146 968 2194 vir
1011 2145 1169 2193 fuerat
1213 2143 1339 2193 vitae
1394 2144 1687 2202 venerabilis,
1741 2147 1791 2194 in
1842 2146 2011 2196 Infulis
2057 2147 2322 2196 Hebridum
2373 2155 2525 2204 natus,

579 2235 752 2284 nobilis
803 2233 996 2298 quidem
1037 2248 1214 2297 genere
1266 2230 1346 2280 sed
1389 2231 1594 2281 nobilior
1637 2233 1743 2290 fide,
1784 2233 1925 2283 seculi
1971 2235 2201 2299 dignitate
2246 2235 2372 2284 inter
2422 2235 2526 2283 suos

580 2324 747 2378 clarus,
782 2321 863 2370 sed
891 2320 1052 2369 divina
1085 2319 1242 2384 gratia
1275 2317 1452 2382 ubique
1485 2320 1797 2386 praecipuus3
1831 2329 1936 2371 erat
1968 2322 2096 2370 enim
2129 2323 2293 2371 forma.
2314 2323 2524 2378 decorus,

580 2426 777 2475 corpore
813 2408 975 2464 castus,
1013 2413 1174 2456 mente
1211 2406 1422 2461 devotus,
1462 2405 1662 2455 affabilis
1696 2408 1945 2472 colloqui0,
1986 2409 2202 2459 amabilis
2235 2389 2442 2474 aspectu,
2478 2418 2526 2458 et

580 2502 813 2548 bonorum
857 2511 1057 2560 operum
1101 2500 1150 2543 et
1194 2492 1376 2559 gratiae
1422 2492 1602 2557 plenus,
1647 2495 1708 2543 ab
1754 2495 1954 2548 infantia
1997 2496 2047 2544 in
2091 2496 2232 2546 sacris
2282 2498 2432 2546 literis
2477 2506 2525 2546 et

581 2585 846 2636 monasticis
885 2582 1139 2648 disciplinis
1179 2580 1406 2630 eruditus.
1475 2580 1533 2629 In
1572 2581 1796 2646 Angliam
1835 2599 1944 2631 cum
1982 2583 2147 2648 paucis
2183 2585 2409 2634 fratribus
2445 2586 2527 2634 ad-

581 2674 787 2729 veniens
832 2689 862 2721 a
899 2687 1012 2735 rege
1053 2668 1369 2719 Orientalium
1415 2667 1659 2718 Saxonum
1699 2669 1948 2735 Sigeberto
1992 2671 2251 2721 honorifice
2290 2672 2526 2738 susceptus

580 2762 656 2817 est,
697 2760 780 2810 ubi
819 2759 870 2807 in
909 2756 1287 2821 Knobereiburg,
1324 2754 1547 2821 permiffu
1600 2757 1726 2822 regis
1761 2757 2010 2823 Sigeberti,
2045 2759 2377 2808 monasterium
2416 2776 2525 2808 con-

580 2846 761 2904 struxit,
802 2845 930 2911 quod
974 2843 1269 2909 postmodum
1311 2843 1452 2891 Anna
1490 2841 1591 2906 ejus
1633 2844 1903 2908 provinciae
1941 2863 2028 2894 rex
2068 2847 2292 2896 aedificiis
2331 2854 2381 2896 et
2422 2847 2525 2912 pos-

581 2934 850 2985 seffionibus
893 2948 992 2982 non
1035 2931 1219 2982 modice
1258 2929 1406 2980 auxit.
1490 2930 1667 2980 Curam
1715 2933 1982 2981 monasterii
2029 2934 2165 2983 fiatri
2210 2934 2291 2983 suo
2326 2934 2523 2983 Follano

580 3024 775 3073 tandem
824 3018 1066 3077 commisit,
1119 3026 1169 3068 et
1218 3035 1329 3068 cum
1383 3018 1537 3067 altero
1586 3018 1734 3068 fratre
1786 3020 1994 3069 Vultano
2038 3037 2216 3070 annum
2270 3021 2521 3085 integrum,

582 3109 870 3175 quotidianis
913 3108 1075 3156 vivens
1126 3105 1381 3163 laboribus,
1435 3105 1487 3153 in
1542 3122 1703 3170 eremo
1754 3108 1952 3173 peregit.
2038 3108 2295 3157 Turbatam
2352 3095 2521 3156 deinde

580 3195 839 3248 incursione
877 3195 1093 3261 gentium
1131 3193 1299 3243 videns
1335 3192 1640 3258 provinciam,
1680 3193 1732 3242 in
1769 3193 1976 3244 Galliam
2018 3193 2270 3259 navigavit,
2311 3192 2393 3242 ubi
2431 3210 2521 3257 ope

583 3283 858 3335 Erkelvaldi
890 3281 1085 3331 Patricii
1121 3280 1418 3331 Latiniacum
1449 3279 1782 3329 monasterium
1815 3278 2084 3328 construxit.
2141 3278 2349 3328 Tandem
2379 3279 2520 3327 mori-
