2938 3900
631 465 688 508 98
1167 455 1252 499 mc
1295 430 1752 498 sempromnns
1798 451 2021 496 scor1s.

633 585 696 634 Et
734 583 827 634 alia
864 544 1026 631 multa.
1095 579 1215 629 Vide
1253 578 1458 627 nostrum
1500 578 1559 626 de
1596 574 1915 641 Scriptoribus
1949 582 2138 624 nostrae
2178 575 2346 624 Gentis
2378 575 2565 624 Gatalo-

633 686 758 737 gum.
844 668 1034 718 Tolosae
1081 666 1269 715 demum
1314 661 1474 712 obiisse
1517 663 1670 712 fertur
1713 676 1838 711 anno
1881 678 1912 711 a
1957 662 2208 712 Servatore
2253 670 2367 712 nato
2422 663 2564 717 1527,

635 760 682 807 in
705 774 800 823 quo
821 757 904 806 sub
927 755 1107 804 Jacobo
1130 752 1308 811 Quinto
1329 751 1504 799 floruit.

1174 946 1261 995 DE
1293 946 1325 994 J
1327 944 1547 994 OANNE
1581 944 2020 994 BALLANTYNO.

633 1101 863 1150 JOANNFB
912 1099 1305 1155 BALLANTYNUQ
1351 1097 1426 1147 vel
1471 1098 1629 1162 potius
1673 1097 2002 1154 Bellendenus,
2048 1096 2332 1162 Tbeologiae
2372 1097 2567 1153 Doctor.

634 1197 683 1238 et
723 1182 1092 1237 Archidiaconus
1133 1184 1445 1242 Moravienfis,
1486 1201 1660 1250 genere
1695 1192 1745 1233 et
1789 1184 1980 1234 natione
2021 1184 2203 1242 Scottis,
2249 1200 2311 1232 ex
2350 1185 2568 1235 orientali

638 1277 878 1326 Laudonia
921 1283 971 1325 et
1021 1275 1213 1324 honesta
1257 1273 1654 1323 Bellendenorum
1698 1272 1878 1321 familia
1921 1271 2160 1327 oriundus,
2209 1271 2476 1321 adolescens
2520 1273 2569 1322 in

634 1379 744 1413 rure
787 1363 934 1412 natali
979 1362 1131 1426 prima
1173 1361 1419 1410 literarum
1461 1360 1770 1409 fundamenta
1805 1359 1936 1424 jecit,
1977 1366 2025 1408 et
2064 1359 2226 1409 literas
2269 1360 2571 1410 humaniores

636 1451 794 1500 sedulo
842 1450 1041 1506 didicit;
1093 1448 1261 1498 deinde
1306 1448 1366 1497 ad
1411 1447 1716 1496 Academiam
1771 1447 2221 1512 Andreapolitanam
2272 1447 2444 1505 miffus,
2492 1450 2572 1498 de-

637 1538 769 1588 curso
825 1536 1143 1602 philosophiae
1202 1535 1350 1585 studio
1408 1535 1533 1584 inter
1588 1534 1838 1599 magisterii
1904 1534 2180 1584 candidatos
2240 1535 2308 1584 ita
2363 1535 2568 1592 emicuit,

638 1634 691 1675 ut
746 1626 870 1674 inter
925 1624 1075 1673 stellas
1131 1624 1243 1672 luna
1297 1621 1514 1671 minores.
1613 1621 1790 1678 Postea,
1847 1622 2028 1687 majora
2081 1622 2286 1671 discendi
2343 1623 2569 1673 defiderio

636 1714 804 1768 tassus,
844 1727 1012 1761 navem
1057 1710 1274 1767 ascendit,
1314 1717 1364 1759 et
1403 1716 1545 1758 vento
1578 1709 1780 1758 secundo
1813 1709 1862 1758 in
1897 1709 2103 1759 Galliam
2139 1709 2205 1759 est
2239 1710 2454 1767 delatus;
2488 1713 2569 1760 ubi

637 1800 926 1849 scholasticae
981 1798 1246 1864 theologiae
1302 1813 1493 1863 operam
1549 1796 1692 1853 dedit,
1748 1796 2057 1862 susceptisque
2114 1797 2342 1862 supremis
2408 1799 2458 1847 in
2514 1816 2572 1848 ea

636 1886 858 1936 familtate
897 1884 1160 1951 infignibua
1197 1884 1347 1934 solum
1386 1884 1543 1934 natale
1582 1885 1710 1933 haud
1747 1885 1900 1934 multo
1945 1885 2197 1949 interjecto
2242 1892 2459 1951 tempore
2495 1903 2570 1938 re-

635 1974 815 2038 petiit;
870 1980 1013 2039 atque
1070 1972 1246 2022 ibidem
1301 1979 1495 2021 vocatus
1549 1970 1823 2028 Mor-aviam,
1875 1971 2032 2021 fafitus
2087 1972 2152 2021 est
2201 1972 2568 2024 archidiaconus.

638 2062 754 2110 Erat
792 2060 1060 2126 linguarum
1092 2057 1403 2125 peritiffimus,
1435 2066 1484 2109 et
1515 2059 1565 2108 in
1594 2049 1831 2108 sacrarum
1866 2059 2219 2124 Scripturarum
2247 2060 2456 2111 lectione
2490 2077 2571 2126 op-

636 2148 751 2198 time
799 2147 1041 2197 versatus:
1090 2146 1138 2195 in
1182 2147 1332 2196 literis
1374 2146 1743 2203 humanioribus,
1786 2145 1877 2194 five
1921 2145 2079 2211 poesin
2124 2146 2317 2211 spectes,
2363 2148 2454 2197 five
2499 2149 2568 2199 so-

639 2235 788 2283 lutam
826 2234 1100 2290 orationem,
1137 2240 1240 2283 erat
1280 2232 1687 2298 exquifitiflimus3
1733 2240 1896 2283 orator
1936 2233 2179 2292 facundus,
2220 2236 2372 2285 bonus
2416 2245 2569 2301 poeta,

641 2321 811 2370 solidus
865 2321 1125 2385 theologus,
1171 2320 1473 2369 concionator
1516 2320 1726 2376 celebris,
1772 2319 2138 2371 mathematicus
2180 2321 2308 2371 haud
2352 2323 2570 2389 vulgaris,

641 2416 689 2456 et
744 2407 1023 2457 nominatim
1083 2406 1446 2472 cosmographus
1498 2406 1699 2472 insignis,
1753 2407 2152 2473 historiographus
2206 2425 2303 2459 non
2358 2417 2571 2461 temnen

642 2497 740 2552 dus,
794 2502 844 2544 et
895 2501 1063 2544 acutus
1106 2493 1420 2559 philosophus,
1472 2494 1674 2559 denique
1724 2494 1774 2543 in
1818 2493 1948 2543 omni
1993 2495 2280 2559 optimarum
2325 2497 2570 2547 literarum

641 2583 832 2633 scientia
865 2582 1042 2647 optime
1075 2581 1341 2631 instructus.
1410 2589 1436 2608 “
1451 2581 1765 2631 Accuratione
1799 2597 1895 2630 non
1929 2582 2156 2639 modica,”
2190 2583 2346 2648 inquit
2385 2584 2570 2642 Baleus‚

644 2678 669 2697 “
684 2669 896 2719 scientias
929 2669 1159 2718 humanas
1198 2668 1297 2718 fere
1337 2683 1500 2717 omnes
1537 2674 1681 2734 atque
1726 2668 1910 2719 divinas
1948 2668 2202 2735 acquisivit.
2271 2670 2349 2721 Sic
2393 2673 2571 2723 multae

643 2756 917 2807 eruditionis
954 2755 1137 2822 praeses
1175 2756 1283 2805 inde
1317 2756 1486 2813 fax‘stuS,
1524 2762 1768 2806 tantorum
1810 2756 2140 2807 thesaurorum
2179 2774 2275 2809 non
2318 2776 2572 2826 perparcus

643 2845 780 2894 dator
812 2843 976 2893 haberi
1014 2843 1175 2900 voluit,
1213 2843 1291 2893 sed
1323 2844 1546 2909 quicquid
1578 2845 1810 2894 bonarum
1843 2844 2191 2910 disciplinarum
2223 2847 2366 2913 longo
2399 2849 2573 2915 quaefi-

643 2939 776 2982 verat
814 2931 987 2988 labore,
1033 2931 1169 2980 valde
1213 2930 1424 2996 prodesse
1468 2931 1693 2982 studiosus
1738 2933 1968 2998 magister,
2018 2935 2227 2985 ubertim
2269 2937 2479 3001 profudit
2522 2938 2571 2987 in

645 3022 842 3068 omnes.”
921 3018 1076 3068 Multa
1123 3018 1306 3067 erudite
1361 3017 1536 3083 scripfit
1582 3017 1661 3070 hic
1706 3022 1910 3071 auctor:
1958 3022 2076 3072 haec
2120 3023 2286 3074 saltem
2329 3024 2570 3090 sequentia

646 3112 949 3156 monumenta
982 3105 1192 3156 literaria
1231 3106 1291 3155 ad
1330 3106 1534 3156 nostram
1566 3106 1785 3157 notitiam
1818 3117 2149 3173 pervenerunt.
2208 3111 2293 3160 ¹Ex
2326 3111 2495 3161 Latino
2522 3112 2570 3160 in

651 3191 955 3255 [sermonem]
989 3192 1230 3258 vulgarem
1270 3193 1502 3242 convertit
1533 3193 1820 3245 fideliffimus
1852 3196 2086 3261 interpres
2121 3197 2374 3260 Historiam
2405 3198 2571 3247 Gentis
