2938 3900
969 372 1055 414 DE
1111 372 1566 417 SCRIPTORIBUS
1613 374 1833 416 SCOTIS.
2294 382 2349 425 39

426 495 705 543 Hiberniam
749 496 948 559 trajecit,
996 497 1077 545 ubi
1122 513 1230 545 cum
1275 498 1537 547 incredibili
1589 498 1776 563 spiritus
1826 500 2007 548 fervore
2070 503 2360 565 evangelium

424 599 510 646 per
553 582 782 647 plurimos
826 600 974 631 annos
1018 585 1318 648 praedicavit.
1404 585 1575 633 Dietus
1613 585 1704 633 fuit
1743 586 1991 650 Magonius
2035 604 2064 635 a
2117 587 2357 651 plerisque,

425 672 486 718 ob
520 669 719 735 infignes
745 671 944 719 virtutes
978 672 1179 736 Magnus
1210 672 1578 736 cognominatus,
1610 673 1704 736 qui,
1740 674 1800 721 ob
1837 673 1960 721 vitae
2007 673 2359 722 sanetimoniam

425 766 474 807 et
507 759 748 815 miracula,
784 759 1064 808 Hiberniam
1094 767 1245 808 totam
1276 760 1509 809 convertit
1552 760 1612 808 ad
1651 760 1792 807 fidem
1834 760 2014 816 Christi,
2051 761 2359 825 quadraginta

424 863 572 895 annos
610 847 660 894 in
698 847 928 895 Hibernia
966 846 1206 895 ecclesiam
1241 864 1421 912 regens.
1513 848 1685 896 Portus
1719 854 1879 896 autem
1918 848 1967 895 in
2011 848 2284 903 Gallovidia,
2331 866 2356 895 e

426 952 519 999 quo
569 952 738 983 navem
777 935 913 983 solvit
952 951 1060 983 eum
1095 935 1145 983 in
1185 935 1463 984 Hiberniam
1501 935 1757 999 navigaret,
1796 935 1933 998 hujus
1975 935 2043 983 rei
2083 935 2355 983 memoriam

423 1023 604 1072 servat:
644 1022 862 1087 scopulus
897 1022 946 1070 in
983 1023 1160 1079 Glotta,
1199 1024 1280 1087 qui
1318 1023 1368 1070 in
1403 1022 1559 1071 medio
1595 1022 1788 1070 flumine
1827 1022 1949 1079 fitus,
1984 1023 2174 1087 impune
2206 1024 2356 1087 plenis

425 1111 541 1159 velis
577 1111 732 1159 illatas
771 1127 914 1158 naves
947 1110 1176 1158 innocuus
1205 1111 1392 1175 excipit.
1459 1111 1632 1158 Fertur
1667 1117 1827 1158 autem
1861 1111 1933 1157 vir
1969 1111 2136 1159 dofitus
2167 1118 2216 1158 et
2251 1110 2355 1174 pius

424 1199 620 1247 studiose
660 1198 843 1262 semper
878 1198 1185 1261 antiquitates
1218 1197 1492 1246 Britanniae
1529 1196 1806 1260 quaefiviffe,
1844 1198 2048 1246 maxime
2083 1198 2354 1245 Britanniae

423 1286 812 1350 septentrionalis,
860 1285 1046 1333 Scotiae
1091 1285 1277 1341 scilicet,
1322 1301 1443 1348 quae
1487 1285 1548 1333 ad
1593 1285 1760 1333 Christi
1804 1285 1946 1332 fidem
1991 1285 2354 1333 confirmandam

422 1374 684 1430 faciebant3
724 1371 961 1437 reperiiffe
998 1390 1110 1421 vero
1144 1373 1495 1421 Commentaria
1528 1373 1739 1420 Medunii
1774 1372 1831 1420 de
1872 1373 2006 1421 Aetis
2047 1373 2263 1420 Damiani
2305 1380 2353 1419 et

424 1461 676 1526 Fugatiani
721 1461 770 1508 in
816 1460 1076 1516 Britannia,
1118 1477 1283 1508 verum
1321 1460 1442 1508 liber
1479 1460 1559 1508 ille
1599 1460 1723 1508 carie
1762 1477 1881 1524 pene
1921 1460 2196 1508 obliteratus
2241 1467 2353 1514 erat,

425 1547 551 1596 unde
574 1546 654 1595 nifi
679 1546 913 1611 probabili
936 1547 1208 1610 conjefitura
1231 1547 1323 1611 legi
1346 1564 1442 1595 non
1463 1555 1663 1612 poterat.
1734 1546 1930 1611 Scripfit
1953 1547 2184 1595 Patricius

624 1635 697 1682 De
721 1634 903 1687 Futura
925 1634 1203 1682 ΕΙθᾶὶοΥῑιΠι
1226 1634 1350 1689 Vita,
1374 1634 1454 1683 lib.
1479 1650 1510 1682 1.

624 1723 697 1770 De
719 1721 872 1769 tribus
895 1721 1201 1776 Habitaculis,
1226 1720 1304 1769 lib.
1330 1736 1362 1769 1.

622 1810 695 1857 De
719 1808 1019 1872 Antiquitate
1043 1809 1312 1864 Avalonioa‚
1336 1809 1415 1857 lib.
1440 1824 1472 1856 1.

622 1897 926 1946 Itinerarium
948 1895 1263 1953 Confessionis,
1288 1897 1367 1945 lib.
1392 1912 1423 1947 Ι.

621 1984 984 2049 Hodoeporicon
1007 1983 1277 2039 Hiberniae,
1302 1984 1381 2032 lib.
1406 1999 1438 2031 Ι.

622 2073 877 2122 Historiam
900 2072 1170 2127 Hiberniae,
1194 2088 1254 2120 ex
1277 2073 1460 2128 Ruano,
1483 2071 1562 2120 lib.
1587 2086 1619 2118 Ι.

623 2162 905 2210 Sermonum
927 2160 1006 2209 lib.
1032 2175 1064 2207 1.

622 2250 801 2298 Contra
831 2247 1093 2296 Gentilium
1133 2246 1505 2310 Superstitiones‚
1545 2244 1772 2308 Epistolas
1807 2244 1868 2292 ad
1905 2242 2144 2293 Creticum
2183 2241 2355 2305 Tyran-

686 2352 815 2392 num,
838 2335 918 2384 lib.
943 2349 975 2382 1.

622 2424 700 2471 Ad
723 2422 950 2471 Avalonis
972 2421 1159 2470 Incolas
1181 2420 1450 2485 Epistolam.

623 2509 700 2557 Ad
722 2509 827 2557 suos
851 2509 1017 2557 Scotos
1039 2508 1267 2572 Epistolas
1289 2507 1460 2572 plures.

623 2597 701 2644 Ad
723 2594 1040 2644 Hibernenses
1060 2594 1287 2643 Ecclesias
1308 2595 1535 2658 Epistolas
1556 2594 1725 2658 plures.

622 2683 898 2755 Abjecfftoria
920 2683 1152 2747 quaedam
1175 2685 1285 2738 366,
1309 2682 1388 2730 lib.
1412 2696 1446 2729 1.

423 2774 487 2821 Et
517 2771 611 2821 alia
643 2771 859 2835 plurima.
927 2770 1138 2819 Tandem
1173 2769 1246 2817 vir
1279 2768 1370 2818 Dei
1405 2768 1541 2817 bonis
1570 2767 1789 2831 operibus
1820 2764 2075 2819 abundanS,
2110 2769 2158 2810 et
2185 2760 2353 2810 aetatis

423 2877 547 2910 anno
590 2861 699 2915 122,
739 2874 864 2907 anno
902 2874 1015 2907 vero
1054 2857 1248 2907 Domini
1286 2859 1397 2913 490,
1437 2871 1584 2920 prope
1623 2853 1890 2902 Dunensem
1929 2848 2208 2900 Ultonienfis
2245 2864 2355 2912 pro-

424 2949 604 2997 vinciae
627 2948 795 2995 urbem
817 2945 1102 3009 absumptus,
1136 2944 1186 2992 in
1221 2943 1424 3007 quadam
1458 2941 1678 3006 spelunca
1705 2939 1934 3006 sepelitur,
1966 2935 2191 3000 Congallo
2227 2935 2353 2998 apud

425 3037 591 3085 Scotos
612 3040 853 3100 regnante.
