2938 3900
564 408 648 449 102
1099 402 1183 444 DE
1231 396 1685 445 SCRIPTORIBUS
1730 394 1953 439 SCOTIS.

566 546 650 593 per
686 528 922 594 episcopos
959 524 1323 576 wintoniensem
1363 531 1412 571 et
1451 519 1804 574 Londinensem‚
1841 533 1949 567 cum
1994 515 2104 565 fidei
2143 514 2251 564 suae
2291 516 2488 571 ratione,

565 616 746 665 Jacobo
780 614 957 672 Quinto
990 613 1039 661 in
1062 610 1220 660 Scotia
1241 614 1480 672 regnante.

1127 804 1212 852 DE
1247 801 1496 851 DAVIDE
1529 799 1927 850 CAMPBELLO.

570 963 741 1010 DAvm
791 960 1197 1012 Cauruslmnnus,
1251 955 1479 1020 praeclari
1523 953 1711 1019 generis
1764 952 1946 1008 Scottis,
1998 967 2058 1000 ex
2111 949 2498 1001 nobiliflimorum

568 1046 797 1111 Argadiae
860 1045 1085 1094 comitum
1146 1042 1412 1108 pervetusta
1480 1041 1659 1091 familia
1726 1047 1872 1098 ortus,
1946 1037 2210 1089 Parifienfis
2279 1037 2498 1088 ecclesiae

569 1135 792 1183 DecanuS.
875 1132 966 1181 Hic
1003 1132 1051 1180 in
1082 1130 1282 1195 juvenili
1320 1136 1477 1179 aetate
1513 1128 1692 1178 scholas
1729 1126 1943 1193 publicas
1976 1126 2280 1190 frequentare
2316 1125 2502 1190 coepit;

567 1221 719 1285 postea
756 1237 786 1269 a
830 1220 1102 1284 parentibus
1139 1220 1199 1267 ad
1239 1217 1690 1282 Andreapolitanam
1735 1214 2042 1265 Academiam
2082 1211 2256 1270 miffus,
2302 1212 2502 1278 philoso-

567 1309 722 1373 phiam
759 1315 809 1357 et
844 1315 971 1357 artes
1011 1307 1228 1356 liberales
1261 1305 1463 1354 feliciter
1499 1303 1751 1354 inchoavit,
1836 1302 2043 1351 Demum
2083 1300 2330 1350 excolendi
2371 1316 2503 1350 men·

566 1404 662 1445 tem
698 1395 831 1445 bonis
864 1394 1023 1443 studiis
1055 1391 1382 1458 cupidissimus,
1416 1391 1586 1442 relicta
1619 1389 1702 1441 sua
1733 1389 1901 1455 patria,
1935 1386 2282 1439 florentiflimas
2320 1387 2502 1438 Galliae

568 1481 883 1531 universitates
909 1481 1269 1545 frequentabat:
1314 1480 1363 1529 in
1396 1477 1634 1529 Parifienfi
1667 1483 1828 1527 autem
1852 1475 2109 1526 Academia
2133 1475 2203 1525 ita
2229 1475 2291 1524 ad
2319 1475 2505 1526 Fanum

569 1570 771 1619 Viditoris
815 1569 939 1618 inter
982 1567 1326 1618 commilitones
1377 1566 1483 1616 suos
1527 1565 1733 1621 emicuit,
1778 1571 1833 1613 ut
1877 1564 1928 1613 in
1974 1579 2148 1630 magna
2191 1563 2333 1612 laude
2378 1564 2504 1628 apud

568 1654 884 1706 ecclesiasticos
924 1653 1199 1704 Parifienses
1226 1654 1497 1710 haberetur,
1536 1652 1586 1701 in
1623 1652 1883 1716 eademque
1917 1650 2161 1701 academia
2192 1651 2255 1701 ad
2290 1651 2506 1700 diacona-

567 1752 669 1793 tum
713 1742 767 1792 fit
810 1744 1003 1793 evectus
1057 1741 1247 1807 publico
1296 1740 1509 1792 omnium
1554 1739 1784 1805 suffiagio.
1879 1739 2074 1804 OpibuS,
2130 1738 2404 1795 honoribus,
2458 1747 2507 1787 et

570 1830 817 1879 doctorum
855 1830 1066 1880 omnium
1105 1828 1313 1879 amicitia
1350 1828 1538 1878 abunde
1575 1827 1919 1877 cumulabatur.
2011 1826 2197 1878 Deinde
2241 1827 2398 1876 factus
2443 1827 2507 1877 est

570 1919 710 1967 etiam
764 1917 977 1967 ecclesiae
1031 1917 1237 1966 Hustacii
1301 1916 1553 1981 presbyter.
1632 1915 1720 1964 Vir
1766 1914 1980 1964 eruditus
2031 1922 2079 1965 et
2131 1914 2344 1972 disertua
2401 1915 2507 1980 pius

569 2006 723 2060 etiam,
764 2013 812 2054 et
851 2005 1036 2054 divinae
1074 2004 1253 2069 gloriae
1287 2003 1474 2053 fervens
1511 2004 1650 2060 zelo;
1688 2002 1993 2052 concionator
2026 2001 2231 2067 denique
2267 2002 2352 2051 suo
2389 2009 2510 2051 tem-

571 2109 682 2156 pore
739 2109 833 2141 non
895 2091 1154 2148 incelebris,
1219 2091 1292 2139 vir
1350 2091 1493 2155 lepidi
1550 2098 1600 2141 et
1656 2090 1886 2156 elegantis
1946 2089 2139 2155 ingenii.
2231 2090 2508 2140 Politiorem

572 2180 864 2228 literaturam
907 2178 1107 2227 feliciter
1152 2178 1327 2235 didicit,
1378 2185 1427 2227 et
1466 2184 1736 2227 accuratam
1780 2176 1937 2226 Latini
1981 2177 2208 2227 sermonis
2254 2177 2507 2233 scientiam,

572 2266 822 2314 accedente
867 2265 927 2313 ad
969 2265 1390 2329 promptitudinem
1438 2265 1704 2314 naturalem
1755 2264 1918 2314 labore
1963 2271 2013 2314 et
2057 2265 2295 2320 industria,
2352 2265 2508 2313 conse·

574 2359 711 2401 cutus
739 2352 815 2406 est,
847 2352 916 2401 rei
954 2351 1188 2401 literariae
1219 2352 1373 2401 cultor
1403 2350 1746 2408 exactiffimus3
1779 2368 1922 2416 quem
1955 2358 2135 2416 quanto
2165 2352 2508 2402 excellentiori·

576 2442 662 2488 bus
694 2447 743 2488 et
775 2438 1163 2488 eminentioribus
1190 2438 1380 2488 fortuna
1415 2438 1723 2503 dignitatibus
1753 2438 1924 2495 evexit,
1960 2446 2096 2488 tanto
2130 2446 2301 2489 natura
2335 2440 2505 2488 nobili-

575 2528 734 2576 oribus
768 2527 1006 2576 decoravit
1045 2526 1189 2575 animi
1229 2527 1429 2575 dotibus.
1499 2525 1590 2574 Hic
1623 2542 1793 2590 nempe
1825 2527 1999 2576 cuncta
2039 2526 2184 2577 etiam
2225 2527 2510 2592 dignitatum

577 2613 820 2664 clariflima
863 2614 1042 2679 fastigia
1097 2613 1194 2663 otio
1249 2613 1460 2664 literario
1508 2620 1557 2661 et
1599 2629 1760 2663 rerum
1811 2612 2051 2679 exquifitis
2101 2615 2283 2666 naturis
2330 2614 2512 2679 semper

577 2701 838 2766 postposuit.
909 2703 965 2750 In
1010 2701 1180 2750 divinis
1225 2701 1480 2766 Scripturis
1527 2700 1751 2757 eruditus,
1798 2707 1848 2750 et
1891 2707 1990 2751 tam
2040 2702 2091 2751 in
2128 2702 2240 2766 jure
2288 2702 2512 2752 canonico

579 2805 718 2853 quam
767 2789 815 2837 in
853 2788 1144 2853 philosophia
1181 2788 1447 2838 scholastica
1491 2788 1713 2838 nobiliter
1756 2788 1938 2846 doctu&
1984 2789 2174 2854 ingenio
2218 2789 2412 2845 subtilis,
2466 2796 2512 2838 et

579 2875 730 2923 clarus
786 2874 985 2938 eloquio,
1043 2875 1091 2922 in
1148 2874 1464 2924 declamandis
1518 2874 1808 2925 sermonibus
1849 2875 1911 2925 ad
1955 2876 2182 2940 populum
2238 2875 2410 2925 doctus
2466 2883 2515 2924 et

579 2962 814 3017 facundus,
871 2963 969 3011 vita
1028 2970 1078 3010 et
1142 2960 1490 3012 conversatione
1544 2961 1744 3027 infignis,
1800 2962 2134 3027 superstitiosos
2190 2965 2326 3017 deme
2378 2964 2510 3012 ritus.

582 3048 740 3096 Edidit
774 3065 972 3113 magnae
1014 3047 1276 3097 devotionis
1311 3055 1359 3097 et
1396 3049 1656 3113 profundae
1690 3049 1969 3103 eruditionis
2007 3050 2230 3115 opuscula
2269 3050 2512 3115 quaedam,

582 3134 749 3197 quibus
790 3151 960 3186 nomen
1005 3136 1140 3186 suum
1180 3135 1376 3200 posteris
1420 3136 1716 3195 notificavit;
1755 3154 1782 3186 e
1823 3137 1995 3202 quibus
2037 3137 2248 3202 subjecta
2272 3137 2511 3186 seruntur.

587 3219 661 3268 Ex
683 3220 899 3272 Gesnero.
