2938 3900
985 464 1072 506 DE
1127 463 1583 507 SCRIPTORIBUS
1633 465 1855 509 SCOTIS.
1908 487 1913 493 ·
2296 473 2380 526 117

461 587 758 639 Bibliotheca
797 586 944 652 polita
987 587 1091 645 fuit,
1131 594 1181 637 et
1220 587 1269 636 in
1305 588 1430 638 hunc
1474 589 1618 655 usque
1663 589 1789 639 diem
1833 589 2134 639 conservatur
2174 608 2204 640 a
2238 595 2390 656 ponti·

457 678 557 726 fice.
639 675 727 723 Vir
766 681 868 724 erat
908 675 958 723 in
994 674 1273 724 humaniore
1312 675 1561 725 literatura
1596 676 1735 741 supra
1778 677 2021 741 vulgarem
2060 694 2241 727 morem
2286 695 2389 729 eru-

456 763 595 819 ditus,
642 768 785 826 poeta
834 778 930 810 non
980 761 1202 826 vulgaris,
1258 768 1419 811 orator
1471 763 1682 819 disertus,
1734 763 2036 829 philosophus
2091 764 2387 823 acutiflimus,

457 849 578 899 acris
616 849 804 914 ingenii,
844 848 978 898 solidi
1007 848 1189 913 judicii,
1228 847 1436 898 summae
1475 850 1763 907 eruditionis,
1804 851 1930 916 paris
1970 851 2279 916 eloquentiae,
2319 853 2389 902 in-

456 936 694 985 credibilis
738 936 989 984 industriae
1025 941 1076 991 et
1113 935 1320 984 laboris:
1367 935 1581 1000 denique,
1630 937 1680 984 in
1725 937 1854 985 omni
1892 937 2100 986 melioris
2144 938 2387 988 doctrinae

455 1041 628 1089 genere
683 1029 868 1072 tantam
923 1022 1198 1086 consecutus
1253 1023 1317 1071 est
1372 1023 1723 1086 perfectionem,
1779 1030 1834 1072 ut
1887 1023 2012 1074 inter
2061 1024 2387 1076 eruditiffimos

456 1111 625 1160 aetatis
668 1110 776 1159 suae
821 1109 947 1159 viros
990 1126 1086 1158 non
1130 1108 1366 1158 immerito
1415 1107 1527 1158 effet
1573 1110 1903 1158 numerandus.
1972 1110 2185 1175 Reliquit
2235 1112 2386 1160 multa

457 1198 644 1263 egregie
682 1198 863 1246 calamo
909 1203 1148 1253 annotata,
1193 1197 1331 1260 plura
1375 1196 1566 1261 quidem
1607 1196 1759 1244 multo
1805 1202 1854 1245 et
1897 1196 2078 1260 majora
2115 1197 2382 1254 relicturus

455 1285 537 1334 nifi
582 1292 734 1334 morte
779 1284 1028 1348 repentina
1067 1283 1222 1332 fuifl'et
1264 1291 1559 1348 praeventuS,
1617 1299 1737 1346 quae
1783 1283 1928 1332 docta
1976 1299 2083 1333 cum
2140 1285 2381 1349 voluptate

453 1374 632 1437 legeret
653 1371 909 1436 posteritas,
932 1372 1183 1435 praecipue
1205 1372 1323 1420 haec
1347 1389 1357 1419 :

651 1458 901 1506 Orationes
924 1457 1160 1521 quasdam.

653 1544 822 1593 Theses
846 1543 1083 1608 quasdam.

650 1631 873 1680 Carmina
894 1631 1037 1680 varia.

454 1718 637 1767 Claruit
693 1734 817 1766 anno
874 1718 1119 1768 intimatae
1170 1718 1298 1781 pacis
1354 1716 1650 1781 evangelicae
1704 1717 1845 1773 1582,
1896 1715 1979 1764 sub
2030 1715 2215 1766 Scotiae
2269 1732 2380 1781 rege

452 1805 486 1853 J
487 1807 633 1855 acobo
659 1805 818 1854 Sexto.

1051 2004 1140 2052 DE
1172 2002 1419 2052 JAGOBO
1454 1999 1789 2049 LAUSONIO.

452 2159 677 2207 JACOBUS
719 2157 1019 2212 LAUsomns,
1061 2155 1336 2205 ecclesiastes
1374 2150 1661 2218 profeflione,
1706 2148 1896 2198 natione
1941 2148 2121 2204 ScotuS‚
2161 2164 2191 2197 a
2228 2149 2381 2213 prima

445 2247 697 2310 juventute
738 2245 788 2292 in
832 2244 992 2293 studiis
1030 2243 1274 2298 virtutum,
1321 2239 1522 2306 pietatis,
1562 2244 1611 2286 et
1646 2238 1879 2285 bonarum
1915 2235 2160 2284 literarum
2205 2236 2380 2300 optime

452 2333 701 2390 enutritus,
758 2331 989 2380 maturior
1042 2331 1197 2379 factus
1246 2325 1509 2377 incredibili
1558 2323 1857 2372 scientiarum
1905 2322 2222 2373 inflammatus
2271 2321 2383 2371 defi-

453 2420 583 2469 derio
621 2419 760 2485 petiit
798 2417 1103 2467 Academiam
1141 2413 1604 2479 Andreapolitanam,
1650 2409 1746 2465 ubi,
1791 2408 2032 2472 postquam
2073 2409 2134 2456 ad
2170 2408 2384 2457 humani-

454 2507 548 2555 oris
583 2507 857 2554 literaturae
891 2504 1209 2569 cognitionem
1243 2498 1523 2565 adjunxiffet
1558 2495 1909 2561 philosophiam,
1946 2496 2114 2543 exacto
2150 2494 2383 2544 curriculo

452 2593 722 2649 studiorum,
761 2591 1013 2655 magisterii
1048 2591 1211 2639 laurea
1245 2589 1461 2636 donatur.
1542 2583 1667 2631 Hinc
1703 2581 1992 2646 praeclaram
2025 2580 2243 2636 indolem,
2286 2580 2383 2628 exi-

451 2681 569 2729 mias
613 2680 824 2735 virtutes,
865 2685 915 2727 et
958 2678 1055 2726 alta
1099 2683 1296 2724 naturae
1335 2674 1460 2722 dona
1503 2669 1753 2733 diligenter
1791 2667 1920 2716 omni
1962 2667 2145 2715 liberali
2188 2673 2290 2715 arte
2336 2674 2384 2715 et

450 2767 643 2816 scientia
678 2765 896 2814 excoluit.
1004 2761 1379 2812 Adolescentiam
1417 2757 1550 2807 ficuti
1587 2763 1636 2804 et
1675 2755 1859 2803 virilem
1897 2760 2103 2802 aetatem
2141 2753 2191 2800 in
2229 2753 2384 2817 patria

450 2853 688 2917 transegit,
729 2867 883 2916 neque
920 2850 1047 2899 enim
1086 2865 1196 2898 eum
1233 2863 1443 2912 unquam
1480 2842 1665 2893 Scotiae
1703 2842 1820 2890 fines
1860 2838 2088 2905 egrefl'um
2132 2837 2263 2887 fuifl'e
2307 2855 2383 2888 ac-

450 2941 672 3004 cepimus,
712 2938 795 2987 nifi
837 2938 963 3002 quod
1002 2937 1052 2985 in
1092 2935 1327 3000 Angliam,
1367 2949 1476 2981 cum
1514 2927 1743 2993 Angufiae
1760 2921 1769 2926 '⁴
1785 2933 1833 2976 et
1873 2925 2077 2974 Marriae
2120 2925 2380 2982 comitibus,

452 3034 500 3077 et
545 3026 649 3075 aliis
692 3024 923 3080 ministris,
975 3023 1035 3072 ad
1074 3023 1264 3086 tempus
1301 3017 1571 3073 secefl'erat3
1615 3014 1698 3063 ubi
1742 3020 1869 3061 certe
1914 3017 2156 3076 magnates
2200 3018 2249 3058 et
2294 3011 2384 3061 viri

450 3114 649 3163 illustres
671 3111 891 3176 plurimi,
926 3112 987 3158 ob
1022 3108 1248 3173 infignem
1287 3123 1381 3171 qua
1417 3103 1657 3168 praeditus
1693 3101 1784 3150 fuit
1822 3098 2148 3154 eruditionem,
2190 3114 2300 3146 eum
2333 3098 2384 3146 in

450 3199 641 3250 summis
696 3197 874 3246 deliciis
924 3196 1204 3244 habuerunt.
1294 3192 1415 3241 Cum
1459 3196 1620 3239 autem
1664 3203 1749 3252 per
1799 3191 2005 3235 aetatem
2051 3182 2285 3248 judicium
2338 3184 2384 3233 ei

449 3285 795 3341 maturesceret,
829 3283 875 3333 se
910 3289 1065 3332 totum
1099 3279 1267 3330 divinis
1295 3276 1580 3343 mancipavit
1615 3274 1847 3340 obsequiis
1890 3280 1938 3323 et
1982 3272 2220 3322 sacrarum
2261 3271 2389 3322 liter·
