2938 3900
592 442 650 486 9ο
1110 435 1198 479 mi:
1243 433 1700 479 SCRIPTORIBUS
1743 433 1969 477 SCOTIS.

584 563 772 627 juvenis
800 562 1014 613 scientias
1041 557 1382 625 philosophicas
1402 557 1656 623 diligenter
1677 556 1855 613 didicit,
1886 564 1937 606 et
1969 557 2032 607 ad
2061 557 2352 623 theologiam
2374 563 2532 606 aetate

593 650 849 703 maturiore
898 645 1161 716 progrefl'us
1198 645 1275 695 est.
1354 645 1579 710 Magnam
1618 642 1744 691 inter
1785 641 1893 691 suos
1929 643 2266 693 auctoritatem
2309 643 2532 708 [adeptus

593 737 698 800 estJ,
721 745 771 787 et
799 738 928 786 illam
957 751 1099 801 quam
1128 732 1268 799 supra
1298 731 1559 781 memoravi
1588 728 1882 794 dignitatem,
1917 745 2013 793 quo
2045 735 2260 795 tempore
2295 730 2532 781 {acrarum

594 824 942 889 Scripturarum
985 821 1179 871 lectioni
1224 826 1274 869 et
1317 815 1629 874 meditationi,
1677 816 1877 866 caeteris
1919 833 2041 882 pene
2085 817 2244 867 studiis
2287 818 2531 883 neglectis,

594 904 641 959 se
676 910 866 959 dedidit.
947 909 1081 958 Adeo
1120 907 1323 972 denique
1367 905 1528 956 studiis
1561 904 1774 970 profecit,
1816 911 1872 953 ut
1904 921 1935 954 a
1966 921 2079 970 rege
2113 905 2175 954 ad
2215 905 2532 971 episcopatum

594 996 970 1046 Aberdonensem
1011 994 1067 1044 fit
1105 993 1312 1051 evectus,
1359 1009 1504 1059 quam
1549 992 1770 1057 Spartam
1816 993 1987 1041 nactus
2030 991 2191 1041 sedulo
2234 992 2532 1050 adornabat;

593 1100 762 1150 magno
807 1084 934 1133 enim
988 1085 1219 1133 bonarum
1275 1081 1523 1131 literamm
1578 1078 1913 1135 emolumento,
1962 1077 2272 1128 studiosorum
2323 1078 2533 1129 virorum

592 1170 877 1235 gymnasium
909 1170 1090 1235 primus
1122 1169 1202 1218 ille
1234 1167 1389 1234 posuit
1423 1174 1474 1218 et
1506 1165 1718 1223 instituit,
1749 1165 2050 1231 Regiumque
2084 1165 2351 1233 Collegium
2389 1166 2441 1215 in
2476 1183 2532 1216 eo

593 1257 859 1314 construxit,
898 1264 953 1306 ut
992 1256 1203 1305 omnium
1246 1255 1344 1304 illic
1382 1253 1709 1304 doctrinarum
1747 1269 1924 1319 genera
1962 1260 2012 1303 et
2047 1253 2224 1304 artium
2259 1253 2531 1319 disciplinae

594 1344 884 1394 auditoribus
921 1350 1310 1409 proponerentur.
1399 1343 1474 1392 De
1512 1358 1571 1392 eo
1614 1341 1677 1392 ad
1717 1341 1954 1391 Jacobum
1990 1340 2237 1399 Quintum,
2279 1342 2531 1392 Scotorum

594 1447 766 1496 regem,
799 1431 868 1481 ita
898 1431 1056 1480 scribit
1091 1430 1276 1480 Hector
1297 1429 1540 1479 Boethius.
1598 1437 1624 1457 ‘⁴
1638 1428 1917 1486 Postremo?
1948 1429 2117 1494 inquit,
2149 1438 2176 1458 “
2191 1429 2355 1479 multis
2384 1430 2532 1479 virtu-

593 1519 721 1568 tibus
771 1518 1081 1584 suspiciendus
1131 1517 1412 1568 Wilhelmus
1466 1516 1812 1582 Elphinstonus,
1858 1515 2115 1582 Episcopus
2173 1516 2529 1574 Aberdonenfis,

594 1622 682 1655 avo
716 1614 801 1655 tuo
836 1613 1062 1671 regnante
1098 1605 1234 1671 regni
1267 1604 1586 1660 cancellarius,
1626 1619 1684 1653 ac
1722 1605 1848 1669 patri
1881 1610 1967 1654 tuo
1999 1604 2196 1654 intimus
2229 1603 2529 1662 confiliarius,

595 1692 813 1757 omnique
851 1693 952 1757 ejus
986 1708 1134 1758 regno
1169 1709 1200 1741 a
1237 1691 1475 1741 secretiori
1514 1688 1677 1757 figillo,
1716 1691 1795 1741 cui
1836 1707 1924 1741 nos
1962 1691 2188 1757 quicquid
2228 1692 2293 1742 est
2329 1692 2527 1749 frufitus

594 1795 735 1844 quem
769 1779 843 1829 his
877 1780 1042 1830 nostris
1079 1777 1373 1845 assequemur
1410 1778 1668 1837 sudoribus,
1706 1795 1847 1829 omne
1888 1780 2031 1829 semel
2070 1779 2308 1837 debemus,
2349 1786 2405 1829 ut
2447 1781 2528 1846 qui

594 1868 772 1932 primus
799 1867 1028 1933 gdiligenti
1071 1867 1291 1933 indagine
1330 1883 1478 1931 quum
1522 1883 1713 1916 omnem
1750 1883 1898 1932 prope
1944 1866 2154 1916 Scotiam
2198 1865 2526 1932 perlustraffet,

595 1956 625 2004 fi
670 1971 764 2020 quo
807 1956 858 2004 in
900 1955 1005 2005 loco
1047 1955 1255 2020 reperire
1293 1953 1443 2019 pofl'et
1489 1961 1626 2004 vetus
1664 1954 1816 2003 ullum
1854 1971 2017 2004 rerum
2055 1955 2319 2004 nostrarum
2362 1972 2529 2004 monu-

594 2050 818 2100 mentum,
863 2060 919 2093 ac
962 2043 1185 2109 quicquid
1229 2050 1472 2108 repertum
1510 2048 1614 2093 erat
1657 2041 1708 2091 in
1751 2042 1907 2092 lucem
1951 2043 2082 2092 velut
2121 2060 2148 2092 e
2182 2043 2315 2092 venis
2349 2042 2527 2093 filicum

596 2129 851 2193 igniculum
888 2128 1172 2185 extraxifl'et,
1211 2130 1404 2179 tandem
1442 2146 1505 2178 ex
1542 2129 1660 2179 Iona
1697 2129 1848 2180 insula
1884 2130 2071 2195 gustum
2112 2131 2349 2195 quendam
2384 2131 2526 2180 modo

599 2216 884 2265 veremundi
926 2233 982 2266 ac
1024 2217 1315 2281 reliquorum
1358 2217 1633 2281 percipiens,
1678 2217 1862 2282 patriae
1906 2233 2081 2274 amore,
2121 2217 2204 2267 etfi
2249 2218 2525 2283 graviffimis

597 2302 957 2367 distringebatur
1004 2303 1217 2368 negotiiS,
1266 2310 1427 2353 tamen
1470 2310 1660 2353 tantum
1703 2304 1914 2353 laborem
1959 2303 2115 2353 subire
2159 2304 2287 2353 haud
2331 2304 2522 2360 veritus,

597 2389 834 2439 historiam
868 2388 1068 2438 scribere
1107 2389 1297 2439 exorsus
1331 2390 1432 2447 est;
1470 2406 1614 2455 quam
1652 2390 1734 2439 nifi
1772 2407 1945 2456 magno
1980 2391 2051 2440 rei
2089 2391 2340 2449 literariae,
2381 2399 2525 2457 atque

597 2476 714 2525 adeo
757 2476 1043 2540 reipublicae
1081 2475 1264 2525 nostrae
1305 2476 1489 2534 damno,
1534 2493 1565 2526 a
1606 2477 1718 2527 fatis
1754 2485 2040 2543 praeventus
2075 2479 2404 2544 imperfectam
2451 2497 2525 2529 re-

596 2561 810 2627 liquiffet,
854 2562 1079 2612 statuerat
1113 2564 1217 2628 jam
1267 2570 1373 2612 tum
1417 2564 1716 2614 Aberdoniae
1755 2565 1805 2614 in
1850 2566 2019 2632 Regali
2069 2567 2294 2632 Collegio,
2350 2584 2526 2634 magno

596 2650 839 2699 literarum
874 2650 1165 2700 incremento
1200 2651 1376 2700 ibidem
1410 2653 1644 2708 extructo,
1682 2651 1958 2702 servandam
1996 2654 2271 2719 deponere.”
2338 2655 2521 2705 Hucus-

593 2751 685 2801 que
730 2735 971 2785 Boethius.
1059 2736 1242 2786 Laudat
1284 2737 1410 2785 hunc
1443 2725 1603 2794 'valde,
1649 2738 1805 2804 inquit
1847 2739 2083 2790 Gesnerus
2126 2741 2176 2790 in
2225 2741 2523 2792 Bibliotheca

595 2823 688 2879 sua,
723 2823 952 2873 Bostonus
992 2823 1228 2873 Burienfis
1261 2825 1311 2873 in
1343 2840 1515 2889 magno
1549 2825 1843 2890 Scriptorum
1877 2827 2106 2894 Catalogo
2138 2830 2200 2878 ob
2242 2828 2521 2895 singularem

594 2910 917 2960 eruditionem.
985 2910 1060 2959 Ex
1082 2911 1295 2960 collectis
1315 2911 1462 2977 igitur
1482 2911 1593 2962 hinc
1615 2912 1725 2963 inde
1746 2913 1948 2965 historiis
1969 2916 2191 2966 conflavit

790 2997 1040 3047 Scotorum
1062 2998 1341 3056 Chronicom
1365 2999 1445 3049 lib.
1470 3013 1503 3048 1.

786 3083 1104 3135 Conciliorum
1126 3086 1329 3144 statuta,
1352 3087 1432 3136 lib.
1455 3101 1490 3135 1.

786 3169 1034 3222 Lectiones
1056 3173 1223 3223 Varias
1244 3173 1295 3222 in
1317 3173 1625 3239 Scripturam,
1650 3173 1731 3224 lib.

788 3255 1070 3309 SanQorum
1090 3260 1141 3309 in
1163 3260 1323 3311 Scotia
1343 3261 1442 3311 Res
1460 3261 1623 3327 gestas,
1645 3261 1726 3312 lib.
1749 3275 1782 3310 1.
