2938 3900
982 435 1070 477 DE
1117 436 1250 479 SCRI
1260 436 1577 479 PTORIBUS
1625 437 1848 480 SCOTIS.
2341 445 2392 484 81

454 561 721 610 liberalium
767 561 887 608 bene
938 559 1193 618 institutus,
1244 563 1459 610 ordinem
1513 563 1902 611 Praedicatorum
1949 563 2113 612 Sancti
2170 565 2404 614 Dominici

443 648 632 712 juvenis
688 647 924 705 intravit3
992 655 1140 713 utque
1200 657 1303 699 erat
1362 650 1487 699 felici
1546 657 1595 699 et
1652 651 1959 715 praecellenti
2018 651 2208 716 ingenio
2271 670 2405 717 prae-

453 736 591 793 ditus,
640 736 900 784 studiorum
954 754 1208 802 rerumque
1254 739 1467 787 omnium
1521 739 1757 788 eruditam
1811 739 2129 804 cognitionem
2174 738 2405 789 affecutus

450 824 526 880 est,
569 841 711 888 quam
754 840 867 872 mox
912 825 1051 889 longe
1097 825 1460 890 splendidiorem
1501 826 1677 875 dabant
1717 826 1962 891 fingularis
2002 827 2128 876 vitae
2167 827 2404 878 sinceritas

452 920 500 960 et
532 911 821 976 suspicienda
850 913 1014 977 pietas,
1051 914 1177 962 unde
1212 914 1337 962 inter
1367 914 1472 962 suos
1503 914 1806 963 inclarescere
1838 916 2020 980 coepit;
2063 916 2187 973 hinc,
2219 916 2404 982 sumpta

446 1000 742 1064 theologicae
776 999 1066 1064 profeffionis
1100 1017 1324 1066 purpura,
1360 1002 1537 1050 ordinis
1566 1002 1953 1051 Praedicatorum
1987 1004 2206 1068 magister
2237 1021 2403 1069 gener-

449 1087 536 1136 alis
576 1088 731 1136 fafitus
774 1088 852 1136 est.
923 1088 1189 1153 Theologus
1226 1095 1328 1137 erat
1368 1089 1600 1153 imprimis
1637 1090 1938 1148 doctiffimus‚
1982 1092 2237 1156 floruitque
2275 1093 2402 1141 fama

450 1192 507 1223 ac
541 1175 817 1224 celebritate
861 1176 1072 1224 virorum
1110 1176 1403 1224 humanioris
1439 1178 1761 1243 politiorisque
1801 1179 2076 1228 literaturae
2112 1180 2284 1244 peritia
2322 1197 2402 1228 ex-

450 1262 759 1318 cellentium3
813 1263 939 1310 unde
985 1263 1046 1310 ab
1097 1262 1226 1310 omni
1279 1262 1419 1319 clero,
1466 1265 1559 1313 suis
1602 1266 1847 1314 monachis
1892 1267 2304 1324 consentientibus,
2351 1269 2401 1315 in

450 1349 719 1413 episcopum
753 1348 1103 1414 Bangorensem
1138 1349 1435 1398 consecratus
1469 1351 1545 1407 est,
1582 1369 1611 1400 a
1643 1353 1875 1401 Godwino
1907 1354 2088 1417 primus
2118 1354 2167 1401 in
2201 1371 2258 1402 eo
2297 1355 2401 1403 loco

450 1437 741 1485 collocatus:
799 1438 923 1486 hanc
968 1443 1130 1485 autem
1184 1436 1354 1492 sedem,
1401 1444 1455 1485 ut
1500 1438 1645 1486 habet
1691 1439 2123 1497 Malmelburienfis‚
2170 1441 2401 1505 majorum

448 1525 722 1573 divitiarum
766 1525 844 1589 spe
891 1525 1099 1589 reliquit,
1148 1524 1364 1573 causatus
1420 1526 1548 1588 quod
1591 1524 1675 1574 fibi
1721 1534 1769 1575 et
1815 1526 2108 1576 Vallenfibus
2152 1544 2248 1577 non
2293 1545 2402 1577 con-

449 1614 644 1662 veniret.
738 1613 973 1662 Henricus
1018 1630 1105 1661 rex
1154 1613 1323 1677 postea,
1372 1613 1600 1662 defuncto
1645 1615 1886 1664 Richardo
1931 1633 2056 1680 rege,
2100 1616 2227 1665 hunc
2281 1617 2401 1665 Her-

447 1718 618 1749 vaeum
665 1702 725 1749 ad
776 1700 972 1749 Elienfis
1029 1699 1246 1749 ecclesiae
1300 1700 1628 1764 pontificatum
1684 1703 1876 1760 evexit3
1935 1703 2028 1767 qui,
2086 1710 2141 1751 ut
2189 1704 2400 1768 loquitur

449 1789 720 1845 Godwinus,
767 1787 1052 1853 Bangorenfi
1107 1805 1259 1852 nuper
1304 1787 1400 1836 sedi
1452 1790 1736 1852 praefuerat,
1783 1790 1862 1839 sed
1924 1791 2111 1854 quando
2168 1791 2237 1838 illi
2291 1808 2399 1839 cum

448 1878 598 1926 Vallis
650 1877 778 1925 haud
833 1878 954 1926 bene
1012 1876 1299 1932 conveniret,
1364 1875 1414 1923 in
1470 1878 1694 1942 Angliam
1751 1895 1896 1928 novas
1951 1878 2081 1927 sedes
2138 1879 2396 1943 quaefitum

446 1973 655 2015 venerat.
745 1965 1011 2014 Transsatus
1057 1965 1121 2013 est
1165 1981 1290 2012 anno
1341 1967 1503 2020 1109;
1560 1964 1678 2013 sedit
1731 1966 1781 2013 in
1831 1966 1920 2014 hac
1978 1965 2168 2014 ecclefia
2226 1966 2397 2014 Elienfi

450 2054 631 2118 primus
663 2053 878 2118 pontifex
912 2069 1060 2101 annos
1095 2051 1263 2117 viginti
1299 2053 1406 2100 duo.
1476 2052 1563 2099 Vir
1593 2060 1696 2102 erat
1727 2053 2063 2118 usquequaque
2103 2054 2396 2109 venerabilis,

449 2143 691 2206 praeclara
737 2141 1002 2189 eruditione
1048 2147 1097 2188 et
1145 2140 1248 2204 pari
1293 2139 1471 2203 pietate
1520 2140 1832 2204 praefulgens,
1880 2141 2146 2189 admirabili
2193 2141 2395 2205 ingenio,

450 2230 668 2295 fingulari
709 2229 974 2293 prudentia,
1021 2228 1287 2292 praeclaras
1334 2227 1479 2274 etiam
1523 2228 1741 2275 acerrimi
1783 2228 1959 2293 ingenii
2005 2235 2054 2277 et
2093 2228 2396 2277 admirandae

450 2318 707 2367 memoriae
753 2318 888 2365 dotes
949 2316 1224 2365 liberalibus
1269 2314 1522 2378 disciplinis
1568 2316 1773 2364 felicitur
1828 2317 2111 2373 exornavit3
2163 2317 2213 2363 in
2257 2316 2396 2364 sacris

447 2407 621 2463 studiis,
663 2405 906 2469 utriusque
947 2404 1230 2453 Testamenti
1267 2403 1413 2459 libris,
1453 2410 1502 2451 et
1543 2409 1735 2467 patrum
1772 2403 1955 2468 scriptis
2000 2404 2252 2467 diligenter
2295 2420 2396 2451 ver-

449 2495 586 2550 satus,
630 2511 717 2542 nec
753 2493 927 2541 minori
963 2510 1072 2541 cum
1109 2492 1249 2541 laude
1290 2491 1340 2538 in
1375 2489 1707 2555 philosophicis
1743 2498 1791 2538 et
1831 2490 2108 2539 secularium
2148 2491 2394 2539 literarum

449 2583 610 2631 studiis
649 2583 818 2630 dofi‘ms
843 2600 852 2630 :
892 2580 1110 2630 Durandi
1147 2597 1176 2628 a
1205 2578 1384 2628 SanEto
1415 2578 1642 2626 Portiano
1681 2578 1904 2642 aequalis,
1939 2586 1993 2626 ut
2026 2579 2180 2643 inquit
2214 2579 2394 2627 Bellar-

449 2671 617 2719 minus.
710 2670 804 2718 Sed
843 2675 898 2717 ut
939 2669 1000 2717 ad
1039 2668 1088 2715 id
1132 2668 1260 2730 quod
1300 2664 1535 2714 cultiflimi
1579 2665 1783 2713 hominis
1827 2665 2070 2730 ingenium
2115 2672 2298 2714 certum
2344 2673 2392 2713 et

448 2757 769 2806 indubitatum
809 2756 874 2804 est
913 2756 1140 2819 τεκμὴςιον,
1189 2770 1310 2818 quae
1353 2753 1598 2802 doda-rinae
1637 2760 1946 2802 monumenta
1984 2753 2177 2818 posteris
2216 2753 2392 2802 tradid-

447 2845 538 2893 erit
571 2844 649 2891 hic
683 2843 881 2891 celebris
921 2850 969 2890 et
1011 2843 1069 2891 de
1105 2858 1157 2890 re
1197 2841 1409 2890 literaria
1443 2841 1619 2905 optime
1654 2841 1852 2889 meritus
1886 2841 2065 2897 doctor,
2101 2841 2387 2905 aspiciamus,

450 2931 624 2996 scripfit

645 3018 702 3065 In
726 3024 929 3081 quatuor
951 3016 1097 3064 libros
1119 3015 1329 3079 Magistri
1354 3014 1719 3063 Sententiarum.

641 3106 699 3153 In
722 3105 952 3169 Epistolas
976 3104 1022 3152 S.
1048 3102 1198 3151 Pauli.

643 3194 716 3242 De
740 3193 976 3242 Potestate
999 3192 1170 3254 Papae.
