2938 3900
586 418 668 458 124
1134 412 1219 455 DE
1262 410 1719 455 SCRIPTORIBUS
1765 410 1937 453 sco'l‘l
1945 411 1986 452 S.

593 556 686 604 qua
742 538 871 603 prius
926 536 1032 586 usus
1087 543 1200 585 erat.
1290 534 1385 584 Sed
1430 534 1492 582 ad
1539 533 1744 583 hominis
1792 532 2107 582 eruditionem
2157 534 2284 599 quod
2336 534 2521 591 attinet,

592 628 796 693 plurima
834 624 1006 690 scripfit
1042 623 1272 688 opuscula,
1313 638 1341 670 e
1385 621 1557 686 quibus
1594 619 1794 668 Londini
1829 617 2047 684 impreffa
2082 620 2189 670 sunt
2227 622 2370 671 tomis
2409 623 2524 671 duo-

591 716 692 770 bus,
733 730 846 762 cura
880 712 1085 760 Th0mae
1125 706 1357 764 Voluseni,
1397 707 1524 756 illius
1562 706 1759 771 nepotis,
1799 723 1922 771 quae
1965 713 2108 756 antea
2151 724 2247 757 non
2283 710 2524 759 extabant.

596 800 781 866 Scripsit

789 885 1061 935 Gratiarum
1113 883 1366 932 Actionem
1417 881 1577 930 illustr.
1625 887 1674 929 et
1726 879 1964 944 potentiss.
2016 880 2226 945 Principi
2271 881 2329 930 D.
2375 882 2527 933 Eliza-

856 972 1026 1021 bethae
1079 970 1292 1036 Angliae,
1342 970 1382 1019 F
1383 969 1583 1026 tanciae,
1630 975 1678 1017 et
1731 967 1988 1017 Hiberniae
2036 968 2262 1033 Reginae,
2315 978 2525 1035 propter,

855 1066 942 1108 etc.
965 1057 1175 1108 carmine
1196 1057 1399 1106 heroico.

792 1144 1096 1211 l’araphrafin
1135 1146 1186 1193 in
1223 1145 1353 1193 varia
1388 1144 1659 1208 Scripturae
1695 1143 1810 1191 loca.

790 1233 1060 1284 Catechefin
1124 1233 1157 1281 J
1159 1232 1324 1281 oannis
1383 1231 1579 1288 Calvini,
1647 1231 1855 1280 carmine
1918 1231 2107 1281 heroico
2144 1249 2156 1289 ;
2220 1248 2329 1281 cum
2385 1234 2527 1282 variis

857 1321 1047 1386 Elogiis,
1070 1319 1447 1385 EpigrammatiS,
1472 1326 1559 1367 etc.

600 1409 779 1457 Claruit
796 1424 919 1457 anno
943 1407 1141 1472 virginei
1164 1413 1327 1471 partus
1343 1408 1484 1462 1590,
1500 1406 1613 1454 dum
1629 1413 1850 1471 regnaret
1867 1405 1917 1454 in
1932 1405 2092 1455 Scotia
2109 1406 2318 1456 Jacobus
2339 1407 2525 1457 Sextus.

1018 1602 1104 1651 DE
1141 1601 1415 1667 [MARCO]
1452 1601 1850 1650 ALEXANDRO
1884 1600 2097 1651 BODIO.

601 1756 862 1823 [MARCUS]
905 1757 1224 1804 ALEXANDER
1261 1755 1465 1810 Bonms,
1503 1753 1697 1802 natione
1737 1754 1919 1811 Scotus,
1959 1754 2009 1802 'm
2048 1754 2246 1804 baronia
2281 1754 2527 1805 Ranfiow-

601 1844 692 1893 enfi
731 1850 869 1918 natus
907 1859 967 1891 ex
1005 1841 1202 1906 antiqua
1244 1841 1504 1889 Bodiorum
1544 1841 1733 1898 familia,
1775 1848 1824 1890 et
1862 1842 1913 1890 in
1959 1841 2228 1906 Glasguenfi
2270 1843 2527 1893 Academia

602 1952 629 1981 a
672 1931 847 1981 teneris
889 1930 1024 1979 annis
1067 1929 1257 1994 optimis
1295 1928 1546 1993 disciplinis
1585 1928 1806 1986 imbutuS,
1843 1929 1926 1979 ubi
1965 1946 2074 1978 cum
2111 1929 2162 1977 in
2197 1929 2529 1995 philosophicis

602 2019 760 2069 studiis
802 2018 981 2082 aliquot
1026 2033 1173 2065 annos
1217 2015 1398 2064 utiliter
1443 2015 1553 2064 satis
1595 2014 1873 2073 collocafl'et,
1930 2016 2182 2082 magisterii
2227 2017 2423 2065 titulum
2468 2018 2528 2066 de

600 2123 731 2156 more
769 2105 961 2169 accepit.
1030 2104 1206 2159 Postea,
1247 2104 1307 2151 ad
1347 2103 1525 2167 majora
1559 2103 1707 2152 studia
1745 2104 2040 2168 capescenda,
2079 2111 2268 2154 exteras
2312 2104 2528 2154 nationes

605 2194 774 2257 petiit;
818 2192 867 2239 in
912 2191 1114 2240 Galliam
1159 2190 1305 2255 igitur
1348 2190 1413 2238 est
1457 2190 1652 2247 delatus,
1698 2192 1779 2240 ubi
1817 2191 2056 2256 gymnasia
2094 2192 2401 2241 celeberrima
2438 2193 2530 2242 fre-

607 2279 862 2345 quentavit,
899 2279 946 2326 in
986 2278 1129 2342 iisque
1165 2285 1300 2326 tanta
1337 2294 1445 2325 cum
1489 2277 1733 2342 diligentia
1769 2284 1997 2342 tantoque
2035 2295 2144 2326 cum
2182 2279 2343 2327 fi-uctu
2381 2278 2531 2327 literis

608 2365 800 2416 Graecis
834 2371 883 2412 et
922 2363 1099 2412 Latinis
1134 2380 1324 2427 operam
1363 2363 1506 2419 dedit,
1542 2370 1598 2412 ut
1634 2381 1729 2413 non
1764 2365 1961 2413 ultimus
1995 2365 2045 2413 in
2077 2365 2164 2422 his,
2199 2366 2249 2414 in
2287 2366 2380 2414 illis
2400 2422 2402 2424 r
2419 2384 2531 2415 vero

610 2454 786 2518 primus
825 2451 868 2500 ei
903 2451 1131 2499 debeatur
1166 2451 1307 2508 loeus,
1347 2467 1454 2499 cum
1493 2451 1619 2515 apud
1658 2450 1824 2499 Scotos
1866 2457 1971 2499 tum
2009 2452 2136 2515 apud
2174 2452 2370 2501 Gallos:
2416 2453 2531 2516 quin

610 2548 658 2589 et
703 2540 825 2587 inter
869 2537 1053 2587 eosdem
1098 2538 1260 2586 Gallos
1302 2545 1403 2587 tam
1446 2538 1642 2586 studiose
1682 2532 1735 2587 ‘et
1779 2538 1980 2587 feliciter
2023 2538 2194 2603 poefin,
2231 2539 2531 2595 rhetoricam,

612 2627 847 2691 ipsamque
903 2625 1020 2673 adeo
1069 2624 1407 2689 philosophiam
1457 2625 1602 2674 coluit
1645 2626 1893 2682 audiendo,
1947 2626 2159 2691 legendo,
2211 2627 2435 2682 docendo,
2483 2634 2533 2675 et

611 2711 862 2767 scribendo,
893 2718 947 2759 ut
980 2710 1170 2760 habitus
1207 2709 1261 2759 fit
1301 2709 1427 2775 quali
1472 2711 1751 2762 miraculum
1789 2714 2099 2778 eloquentiae,
2141 2721 2190 2773 et
2228 2714 2370 2763 Mufis
2408 2714 2534 2763 filius

609 2800 744 2848 unice
781 2798 1011 2856 dile&us;
1049 2798 1207 2847 omnia
1242 2798 1418 2847 etenim
1453 2797 1785 2863 elegantiffime
1822 2800 2036 2848 Romane
2070 2806 2119 2848 et
2154 2800 2329 2857 Attice,
2363 2807 2418 2849 ut
2452 2800 2535 2849 illa

615 2888 825 2934 ferebant
868 2892 1096 2950 tempora,
1138 2885 1228 2933 hoc
1268 2885 1344 2940 est,
1390 2885 1580 2949 optime,
1625 2886 1896 2951 composuit.
1987 2887 2105 2935 Erat
2144 2894 2392 2951 praeterea
2434 2895 2534 2936 tam

615 2974 753 3022 Marti
790 2989 932 3037 quam
969 2972 1204 3022 Mercurio
1240 2972 1439 3028 deditus,
1479 2973 1603 3021 unde
1640 2973 1714 3022 his
1752 2974 2019 3023 nominibus
2056 2975 2182 3039 apud
2219 2975 2382 3024 Gallos
2419 2975 2536 3023 hon-

614 3061 821 3109 orificam
854 3060 903 3108 in
938 3060 1064 3108 hunc
1098 3059 1224 3108 diem
1262 3059 1467 3108 obtinuit
1501 3060 1790 3109 memoriam.
1872 3061 1959 3110 Vir
1994 3062 2078 3110 alti
2123 3069 2172 3111 et
2217 3062 2330 3111 elati
2374 3061 2533 3116 animi,

614 3154 754 3210 atque
784 3147 1056 3211 praestantis
1087 3146 1277 3213 ingenii,
1312 3147 1563 3212 stupendae
1596 3148 1866 3204 memoriae,
1897 3149 2085 3214 infignis
2120 3149 2379 3205 doetrinae,
2409 3148 2536 3213 paris

615 3233 919 3297 eloquentiae,
959 3236 1245 3284 Graecarum
1290 3235 1492 3299 denique
1536 3235 1782 3284 literarum
1825 3236 2040 3299 peritus:
2089 3235 2286 3286 omnem·
2322 3236 2537 3284 humani-
