2938 3900
1037 473 1124 515 DE
1179 472 1636 517 SCRIPTORIBUS
1688 474 1909 518 SCOTIS.
2378 482 2435 525 93

507 599 710 665 gloriam
746 597 1022 663 promeruit.
1112 597 1330 662 Denique
1372 599 1432 647 ob
1472 597 1670 664 insignes
1708 599 1908 648 virtutes
1945 606 1994 648 et
2030 600 2267 650 mirabiles
2303 602 2447 650 animi

508 689 656 744 dotes»,
714 685 1081 735 Caledoniorum
1134 685 1215 735 seu
1259 686 1451 735 Dunkel
1496 686 1737 751 episcopus
1781 686 2058 752 defignatur.
2161 688 2234 736 De
2286 705 2342 736 eo
2389 688 2447 737 fic

505 775 718 840 loquitur
762 774 1078 828 Buchananus
1123 774 1173 822 in
1218 774 1299 822 sua
1344 774 1525 822 Rerum
1571 774 1865 823 Scoticarum
1919 774 2156 824 Historia:
2211 783 2235 803 “
2253 776 2449 824 Praeter

506 863 737 913 natalium
775 862 1083 927 splendorem,
1116 863 1173 910 ‘et
1212 861 1422 926 corporis
1460 861 1753 925 dignitatem,
1794 869 1930 910 erant
1975 862 2024 910 in
2071 879 2127 911 eo
2162 863 2354 920 multae,
2394 870 2448 911 ut

507 952 600 1000 illis
635 950 941 1015 temporibus,
982 950 1162 1006 literae,
1205 949 1386 998 summa
1428 949 1756 1013 temperantia,
1797 957 1845 999 et
1888 949 2131 1016 fingularis
2167 951 2312 1000 animi
2350 967 2449 999 mo-

508 1039 705 1095 deratio,
748 1045 892 1102 atque
927 1038 978 1085 in
1016 1039 1158 1086 rebus
1196 1037 1494 1094 turbulentis,
1530 1037 1656 1086 inter
1692 1037 1907 1086 adversas
1939 1038 2180 1096 faetiones,
2221 1045 2450 1103 perpetua

506 1128 624 1176 fides
677 1134 726 1176 et
782 1126 1054 1176 auetoritas.
1135 1125 1348 1189 Reliquit
1393 1132 1442 1174 et
1485 1125 1663 1189 ingenii
1710 1132 1759 1174 et
1811 1126 2055 1175 doctrinae
2099 1143 2195 1174 non
2239 1126 2450 1190 vulgaria

507 1221 828 1271 monumenta,
875 1213 1087 1263 sermone
1131 1213 1287 1277 patrio
1332 1212 1631 1277 conlbripta.”
1727 1213 1867 1262 Hunc
1914 1214 2058 1262 etiam
2108 1214 2243 1263 valde
2289 1214 2450 1262 laudat

507 1304 754 1359 Lessaeus3
803 1308 851 1350 et
895 1301 1087 1357 BaleuS,
1130 1308 1156 1328 “
1181 1300 1240 1349 de
1283 1300 1375 1349 hoc
1414 1300 1557 1357 vir0,”
1594 1301 1763 1365 inquit,
1811 1309 1837 1328 ‘⁶
1859 1301 1997 1365 plura
2039 1302 2347 1366 producerem
2391 1300 2451 1349 ad

509 1390 740 1455 praesens,
778 1388 812 1437 fi
847 1388 1115 1453 Polydorus
1141 1387 1379 1452 Vergilius
1407 1388 1458 1435 in
1489 1388 1716 1452 Anglicae
1752 1388 1983 1438 Historiae
2020 1389 2141 1438 libro
2175 1389 2239 1437 iii.
2274 1390 2320 1437 se
2354 1389 2452 1453 ejus

507 1479 805 1528 laudatorem
843 1493 940 1525 non
974 1475 1312 1540 interponeret,
1353 1475 1435 1540 qui
1474 1482 1523 1524 et
1561 1475 1713 1540 ipsum
1747 1476 1861 1524 olim
1898 1492 1958 1524 ex
1997 1476 2116 1525 facie
2151 1476 2296 1533 novit,
2337 1478 2450 1524 etc.”

510 1566 589 1616 Sic
625 1566 718 1613 ille.
787 1564 1000 1614 Gavinus
1035 1563 1085 1611 in
1122 1562 1320 1612 Scoticis
1351 1563 1517 1613 metris
1552 1563 1614 1613 ad
1647 1563 1882 1613 «Iacobum
1919 1564 2167 1622 Quartum,
2205 1563 2453 1613 Scotorum

509 1670 683 1719 regem,
707 1651 884 1717 scripfit
2379 1647 2384 1653 ”

707 1739 947 1788 Palatium
971 1738 1189 1795 Honoris,
1215 1738 1296 1786 lib.
1319 1753 1352 1786 1.

709 1828 894 1876 Aureas
916 1826 1234 1883 Narrationes,
1259 1825 1338 1874 lib.
1363 1840 1396 1875 1.

707 1914 987 1965 Comoedias
1009 1914 1203 1978 aliquot,
1227 1913 1306 1961 lib.
1332 1927 1364 1960 Ι.

709 2004 782 2051 De
808 2003 972 2052 Rebus
995 2001 1205 2058 Scoticis,
1229 2001 1308 2050 lib.
1333 2015 1366 2048 Ι.

511 2091 699 2157 Virgilii
756 2090 902 2139 etiam
955 2089 1169 2139 Aeneida
1219 2089 1375 2137 nostro
1431 2087 1655 2137 idiomate
1708 2088 1900 2137 donavit
1947 2104 2003 2136 ea
2050 2086 2346 2143 dexteritate,
2399 2093 2453 2135 ut

509 2179 699 2245 lingulis
736 2178 917 2228 Latinis
956 2176 1162 2227 verfibus
1206 2176 1376 2242 finguli·
1418 2175 1593 2224 Scotici
1637 2177 1961 2242 respondeant,
2010 2192 2067 2224 eo
2114 2174 2454 2223 sententiarum

510 2268 731 2334 pondere,
785 2274 840 2315 ut
895 2265 1077 2315 nostrae
1130 2251 1342 2330 linguae'
1366 2262 1399 2312 fi
1451 2263 1688 2328 intelligas
1732 2265 1829 2312 vim
1874 2263 2109 2312 occultam
2154 2262 2351 2319 mireris,
2397 2279 2454 2311 ea

509 2356 713 2421 denique
746 2354 985 2411 felicitate,
1023 2361 1079 2402 ut
1114 2353 1295 2402 nullam
1330 2351 1635 2416 antiquorum
1675 2358 1922 2416 poetarum
1962 2351 2173 2400 lauream
2210 2366 2318 2398 cum
2355 2350 2454 2414 ejus

509 2446 560 2494 in
623 2445 714 2493 hoc
769 2459 943 2509 genere
1002 2441 1143 2491 laude
1209 2441 1345 2490 facile
1408 2455 1663 2503 compares.
1772 2438 1913 2487 Hunc
1976 2438 2211 2487 Gavinum
2269 2437 2454 2487 Scotiae

510 2548 685 2597 prorex
721 2532 925 2580 Romam
965 2546 1052 2595 per
1086 2528 1360 2594 pontificem
1396 2527 1688 2576 evocandum
1724 2527 1785 2575 ad
1824 2525 2008 2574 causam
2041 2525 2287 2574 dicendam
2322 2541 2454 2574 cura—
2489 2507 2495 2509 i

511 2620 593 2669 vit.
662 2620 711 2667 Is
746 2625 921 2668 autem.
943 2617 1163 2682 proximo
1191 2631 1329 2672 anno,
1358 2615 1472 2663 dum
1508 2615 1712 2663 Romam
1745 2612 2063 2678 proficiscitur,
2098 2612 2297 2662 Londini
2328 2612 2453 2677 peste

512 2713 759 2772 correptus
808 2704 939 2761 obiit,
990 2719 1163 2769 magno
1215 2702 1324 2751 suae
1375 2702 1565 2751 virtutis
1621 2701 1747 2766 apud
1791 2702 1940 2750 bonos
1995 2700 2221 2749 defiderio
2271 2700 2452 2749 relicto.

514 2796 622 2844 Non
665 2793 800 2842 licuit
839 2791 934 2848 diu,
981 2789 1136 2856 inquit
1177 2789 1452 2854 Polydorus,
1499 2805 1557 2838 eo
1600 2789 1694 2838 frui
1739 2789 1902 2846 amic0,
1949 2789 2028 2838 sed
2072 2805 2130 2838 eo
2174 2787 2271 2853 ipso
2314 2801 2454 2844 ann0,

514 2883 596 2948 qui
628 2881 720 2930 fuit
751 2880 914 2930 salutis
945 2879 1182 2928 humanae
1218 2878 1360 2934 1521,
1395 2877 1597 2926 Londini
1629 2876 1892 2942 pestilentia
1928 2875 2200 2940 absumptus
2229 2875 2305 2932 est,
2340 2875 2453 2924 dum

513 2971 724 3020 Jacobus
763 2967 970 3027 Quintus
1008 2966 1060 3015 in
1101 2965 1262 3015 Scotia
1295 2971 1529 3029 regnaret.
